3012 4796
576 393 617 403 ..
660 360 788 427 89¹„

182 537 270 590 certe
299 529 447 591 concedit
464 529 595 607 Poppo,
625 549 686 591 nou
708 533 846 591 valuisse
869 531 974 606 legem
996 551 1055 608 per
1075 539 1178 594 totum

182 641 308 702 beilum.
364 639 502 700 Scilicet
529 642 674 717 quonium
700 659 867 716 numquam
897 642 975 720 aiibi
1000 646 1035 702 iit
1061 649 1178 706 mentio

178 739 381 829 ξυμβούλων,
409 751 463 825 qui
485 752 556 822 regi
579 751 680 809 additi
708 757 831 821 essent,
852 752 918 827 jam
947 752 1020 810 oiim
1047 755 1088 810 ad
1109 753 1178 814 Xe·

159 841 271 936 'napa
292 856 410 934 nanu.
436 856 580 942 necem
610 879 639 920 c.
667 858 770 920 xrrrr
793 857 925 942 (mu),
959 855 988 920 1.
1011 879 1083 938 pag.
1104 859 1176 920 cm.

181 975 367 1044 contrariam
394 971 581 1028 senientiam
614 971 775 1046 professus
801 987 884 1040 sarm,
918 989 1009 1045 quam
1036 973 1176 1048 quidem,

179 1084 340 1155 probatam
363 1083 399 1138 ut
425 1069 553 1138 videtur
581 1082 675 1140 eiiam
698 1080 733 1144 C.
755 1077 795 1138 F.
817 1079 999 1140 Hermanno
1027 1085 1059 1141 iu
1081 1079 1176 1143 Auti-

179 1193 271 1264 quitt.
294 1188 349 1250 Gr.
371 1188 459 1266 publ.
484 1207 556 1264 pag.
579 1186 651 1249 103.
681 1191 772 1267 cujus
794 1192 854 1250 viri
878 1191 919 1250 ci.
947 1210 1009 1267 ego
1032 1198 1066 1250 ci
1086 1195 1176 1267 iuge·

178 1301 264 1358 nium
286 1315 355 1358 amo
385 1309 420 1360 ct
446 1301 668 1360 auctoritatem
696 1300 781 1359 focio
807 1301 953 1373 maximi,
984 1319 1067 1361 nuuc
1093 1319 1176 1360 novo

179 1412 368 1468 confirmabo
389 1420 585 1486 argumento.
628 1409 822 1471 Accuratius
844 1411 973 1470 enimsi
993 1411 1175 1470 considere·

178 1535 246 1578 oms
267 1523 365 1578 verba
385 1521 456 1581 illo:
489 1511 532 1599 μὴ
554 1507 667 1597 κύριον
694 1505 776 1578 εἶναι
797 1508 939 1600 ἀπάγειν
964 1510 1119 1598 στρατιὰν
1139 1515 1177 1579 ἔκ

178 1624 231 1704 τῆς
256 1621 401 1708 eirenes
419 1621 496 1690 milri
518 1630 644 1705 quidem
664 1629 793 1713 videtur
814 1630 1011 1689 manifestum
1037 1647 1107 1689 esse
1130 1630 1175 1688 ia-

177 1745 248 1799 iere
277 1743 328 1800 hic
355 1741 485 1816 aliquod
511 1741 633 1801 vitium.
676 1737 762 1799 Urbs
788 1740 870 1798 euim
893 1741 1040 1816 profecto
1061 1719 1178 1817 Sparte

179 1858 245 1921 est3
267 1852 336 1926 quis
357 1861 463 1913 autem
486 1849 673 1920 crediderit,
694 1849 762 1908 ulio
783 1869 919 1925 uuquam
940 1855 1085 1924 ieurpore
1101 1859 1174 1911 ante

177 1963 260 2022 hanc
280 1962 386 2037 legem
409 1962 502 2020 iatam
524 1978 634 2036 regem
656 1959 754 2020 fuisse
781 1949 894 2038 κύριον
921 1949 1062 2041 ἀπάγειν
1083 1981 1178 2039 στρα-

178 2059 250 2130 τιὰν
278 2065 317 2133 ἐκ
342 2066 397 2145 τῆς
421 2059 561 2140 πόλεωςὲ
611 2067 691 2129 Nam
723 2088 825 2144 neque
853 2070 1029 2130 decernere
1057 2071 1176 2130 ireiiuru

177 2183 246 2257 ipse
269 2183 374 2256 potuit
393 2198 497 2255 neque
519 2197 682 2240 numerum
697 2182 861 2239 exercitos
876 2180 1021 2251 definire,
1042 2180 1075 2238 id
1091 2182 1176 2254 quod

178 2291 301 2352 fuciunt
331 2293 460 2366 equirori3
495 2290 559 2352 vid.
591 2288 739 2365 Xenoph.
769 2285 856 2366 Rep.
882 2288 1024 2353 Lacedd.
1050 2289 1117 2367 XI,
1149 2291 1175 2349 1.

177 2401 292 2476 ltaque
314 2401 441 2461 dubium
464 2419 526 2462 non
549 2406 609 2472 est,
632 2403 706 2476 quin
728 2407 820 2460 antea
842 2418 966 2476 qnoque
988 2420 1050 2462 non
1073 2402 1174 2460 licue-

176 2514 220 2572 rit
240 2512 311 2585 regi
333 2512 474 2570 educere
495 2513 674 2571 exercitum
696 2512 753 2570 nisi
776 2515 916 2587 potestas
938 2514 968 2602 ei
992 2513 1075 2572 iacta
1092 2519 1178 2572 esset

177 2643 195 2679 a
218 2622 346 2697 populo.
390 2618 462 2681 Non
486 2628 593 2682 autem
614 2638 740 2697 vercor,
772 2639 813 2681 ue
835 2623 905 2695 quis
926 2622 1004 2683 iilud
1028 2609 1109 2682 duee
1131 2606 1176 2682 ὦν

177 2721 220 2810 μὴ
242 2719 355 2808 κύριον
375 2715 457 2789 εἶναι
479 2733 523 2789 ita
542 2731 716 2806 intelligat:
739 2750 799 2796 non
821 2732 949 2791 licuisse
964 2735 1033 2792 sine
1047 2735 1175 2792 decem-

177 2843 255 2901 viris
275 2843 345 2916 regi
369 2842 537 2902 discedere
560 2845 600 2901 air
622 2844 716 2913 urbe3
739 2859 808 2899 uam
829 2841 865 2899 id
887 2841 996 2899 dicere
1017 2844 1075 2900 vix
1096 2860 1177 2917 opus

179 2958 259 3028 eret,
281 2957 444 3028 postquam
461 2954 527 3029 jam
549 2957 622 3013 aute
645 2950 764 3011 dictum
787 2954 837 3009 esi
861 2940 1062 3028 προσείλοντο
1086 2943 1178 3026 αὐτῷ

177 3052 392 3144 ξυμβούλους,
424 3069 458 3122 ei
478 3081 542 3123 vox
562 3047 673 3140 κύριος
693 3060 775 3122 lraud
798 3062 893 3120 dubie
914 3063 956 3120 ad
979 3067 1095 3120 certam
1118 3061 1175 3118 aii-

178 3192 269 3249 qunm
295 3178 483 3250 potestatem
510 3179 645 3249 spectat.
697 3172 909 3241 Quamobrem
934 3175 1040 3231 statuo
1068 3188 1177 3230 corru-

178 3291 263 3359 ptam
285 3299 356 3342 esse
378 3299 490 3340 vocem
511 3269 629 3350 πόλεως
650 3286 685 3341 ct
699 3283 865 3358 scripsisse
882 3279 1108 3357 Thucydidem
1126 3299 1177 3339 πο-

178 3384 298 3473 λεμίας,
324 3399 359 3453 nt
381 3393 455 3451 alibi
478 3367 562 3451 dixit
582 3381 801 3471 &quoquotum
814 3385 853 3450 ἐκ
864 3379 1014 3469 πολεμίας
1027 3390 1082 3450 liu.
1097 3385 1176 3460 VH,

180 3522 208 3566 c.
230 3502 279 3566 75.
302 3522 372 3562 num
393 3503 551 3562 reducere
573 3505 751 3562 exercitum
774 3519 818 3561 ex
836 3473 960 3561 hostico
975 3501 1049 3576 quin
1065 3486 1176 3577 κύριος

178 3622 272 3675 antea
298 3614 398 3674 fuerit
426 3629 503 3688 rex,
536 3613 673 3674 dubitari
697 3631 759 3672 uon
782 3616 898 3688 potest.
942 3609 1050 3686 Atque
1071 3612 1104 3668 id
1130 3615 1176 3669 ita

180 3739 267 3796 esse,
300 3724 532 3784 demonstretur
560 3724 653 3782 eiiam
682 3723 747 3782 aiio
769 3729 958 3794 argumento
980 3722 1174 3790 certissime3

180 3820 320 3911 ἀπάγειν
347 3835 429 3892 euim
458 3834 587 3892 verbum
619 3850 680 3891 uon
708 3833 827 3892 dicitur
854 3833 894 3890 de
924 3833 1088 3902 exercitu,
1123 3832 1177 3905 qui

179 3943 310 4018 primum
332 3944 491 4015 educitur,
514 3960 578 4002 nou
600 3943 699 4018 magis
721 3943 859 4017 quamsi
879 3943 976 4002 iatine
999 3940 1088 4001 dicas
1108 3945 1174 4001 air·

180 4054 345 4123 ducere,
371 4055 425 4113 vei
448 4053 669 4123 deducere,
694 4052 749 4109 vel
769 4053 985 4122 reducere3
1019 4052 1075 4110 sed
1098 4041 1178 4111 οἱποῖ-

178 4181 251 4243 γειν
275 4152 429 4240 στρατιάν
450 4165 507 4224 vix
530 4163 624 4224 aliter
647 4166 815 4238 usurpatur
835 4180 926 4238 quam
944 4161 999 4220 nbi
1013 4166 1178 4224 exercitus

946 4269 965 4333 7
