3010 4812
704 445 747 457 ..
790 411 916 476 30·-

311 589 413 649 melrr
437 584 494 646 als
519 563 607 644 eine
629 586 771 656 incise,
810 600 877 643 ans
902 585 1005 644 ruelrr
1032 584 1089 643 als
1111 586 1223 644 einer
1245 602 1304 645 ur·

310 701 442 769 sacbe3
484 713 526 755 ex
563 711 624 770 qua
660 695 878 771 explicatione
905 693 1020 773 Poppo
1052 695 1097 753 alt
1127 696 1304 772 subjectum
1407 765 1410 772 ‚

310 809 470 868 enunciati
493 821 563 864 esse
585 821 698 864 vocem
721 806 964 880 praecedentem
986 798 1005 879 ἡ
1028 792 1228 876 ἀνάστασις,
1258 808 1305 864 ei·

189 905 192 914 ’
310 937 371 993 qne
392 915 506 978 rationi
529 917 638 975 fouere
659 914 764 974 locum
782 913 940 975 Herodoti
961 913 1005 986 V,
1028 913 1079 975 78.
1103 913 1195 989 δηλοῖ
1211 905 1246 974 dl
1266 908 1307 974 οὐ

309 1021 378 1088 κατ’
403 1014 435 1086 ἓν
450 1021 570 1108 μοῦνον
587 1014 670 1083 ἀλλὰ
684 1017 837 1100 πανταχῆ
850 1016 869 1099 ἡ
889 1015 1035 1104 ἰσηγορίη
1050 1017 1093 1095 ὣς
1109 1012 1174 1085 ἔστι
1194 1019 1308 1105 χρῆμα

309 1137 495 1198 σπουδαῖον·
522 1153 614 1210 qoem
636 1135 740 1193 locum
763 1134 914 1192 attulerat
939 1133 1106 1195 Jacobsius
1128 1135 1245 1196 (locens
1265 1137 1305 1194 arl

309 1267 445 1309 nornuun
467 1263 595 1317 eorum,
618 1263 698 1320 quae
721 1245 817 1302 babet
840 1243 952 1304 Mattb.
976 1245 1031 1303 Gr.
1054 1262 1102 1320 gr.
1124 1242 1158 1323 5.
1182 1243 1253 1304 298.
1278 1245 1307 1305 1.

308 1364 406 1420 verba
427 1349 466 1416 οὐ
488 1346 566 1423 καθ’
590 1335 627 1413 ἓν
652 1341 752 1434 μόνον
774 1345 836 1412 miv
861 1342 1063 1433 πραγμάτων
1085 1358 1116 1413 in
1138 1374 1228 1414 unam
1250 1372 1307 1414 no-

308 1471 427 1528 tionem
451 1463 671 1541 conjungenda
689 1471 722 1523 et
743 1464 920 1540 subjectum
943 1463 1174 1522 enumerationis
1196 1468 1308 1556 existi·

309 1577 419 1636 mande
447 1589 528 1634 esse.
580 1572 688 1648 Atque
717 1593 780 1649 ego
816 1571 942 1648 quid‘em
976 1574 1118 1650 improbo
1148 1572 1310 1650 Poppouis

307 1686 392 1744 illadt
422 1685 463 1743 de
491 1684 636 1761 subjecto
664 1686 868 1757 sententiaro,
902 1700 995 1757 quum
1025 1685 1197 1744 necessitas
1223 1687 1311 1746 nulla

308 1795 361 1866 stt,
384 1801 419 1856 ot
440 1795 639 1868 intelllgatur
666 1782 907 1876 isodomon
937 1793 1037 1853 multo
1065 1793 1147 1852 enim
1171 1812 1309 1854 commo-

308 1906 379 1965 dius
396 1905 576 1983 junguntur
596 1907 694 1964 boec:
715 1893 819 1962 δεινὸν
841 1888 899 1962 οὖν
918 1887 959 1978 ἦν
974 1937 1027 1975 -,
1049 1890 1310 1982 ὅτιάπεχῶρουν,

308 2022 403 2090 atque
432 2015 466 2072 ld
494 2015 671 2091 praeierant
699 2017 793 2074 etiam
815 2013 955 2074 lncobsli
983 2015 1097 2073 rationi
1125 2031 1310 2090 quamquem

308 2127 423 2184 doctae
446 2126 494 2183 illi
517 2125 648 2184 etbeurl
671 2125 881 2200 improbabili.
913 2123 978 2185 Sed
1003 2124 1201 2196 illndmiron
1224 2127 1308 2201 quod

308 2241 422 2295 neuter
443 2250 551 2294 eornm
580 2236 758 2311 explicavit
788 2237 850 2294 vim
877 2251 916 2293 ao
946 2237 1132 2294 sententiam
1155 2235 1310 2297 formulae

308 2338 385 2416 uo&
410 2333 453 2404 ἕν.
497 2341 577 2404 Nom
600 2344 718 2404 Baneri
748 2344 1041 2422 interpretationem
1064 2345 1151 2403 nullo
1172 2348 1308 2421 scripto·

309 2473 377 2515 rum
394 2471 450 2515 usu
462 2455 660 2528 comprobari
675 2453 872 2513 manifestum
890 2461 955 2526 est3
977 2450 1067 2514 Porti
1085 2462 1190 2514 autem
1208 2452 1307 2515 illarn:

308 2583 379 2624 non
401 2566 552 2622 tautum
580 2565 612 2622 si
639 2565 725 2638 quis
746 2565 904 2638 singula
931 2569 1107 2638 spectet,
1135 2564 1307 2642 displicere

307 2676 368 2734 sibi
390 2676 655 2749 pronunciaverat
678 2671 830 2736 Bauerns

392 2783 501 2843 Habet
521 2785 627 2842 auteur
650 2801 689 2841 ea
711 2784 844 2844 formula
867 2785 945 2844 duas
966 2783 1229 2859 significationes,
1261 2785 1309 2842 al-

308 2901 407 2955 teram
429 2895 524 2956 alteri
547 2895 747 2966 contrarium,
770 2911 899 2968 quarum
917 2912 967 2964 ea,
989 2911 1071 2970 quae
1093 2894 1308 2970 frequentiore

310 3009 448 3074 usust,
470 3003 593 3077 placuit
607 3001 717 3075 Porto,
742 3006 851 3062 nisit:
873 3006 906 3063 si
929 3005 1015 3078 quis
1037 3006 1194 3080 singola
1219 3021 1307 3081 spe-

310 3121 408 3185 ctet3
431 3112 532 3172 altere
545 3129 621 3170 vero
638 3115 738 3172 rarior
751 3115 901 3187 haeresi,
923 3132 1013 3189 quern
1028 3134 1091 3190 ego
1103 3119 1150 3176 sic
1165 3117 1308 3193 explico:

309 3226 464 3286 Acerba
486 3222 610 3297 igitur
627 3229 801 3294 reserat,
823 3243 896 3284 non
919 3228 1063 3286 tanturn
1085 3230 1116 3285 si
1139 3229 1174 3286 in
1199 3245 1309 3287 noum

309 3340 518 3394 contrecta
544 3347 672 3390 rerunt
700 3339 898 3407 gesturum
924 3349 1064 3394 summa
1089 3342 1308 3412 spectetur.

309 3443 416 3517 Atque
443 3444 537 3520 buJus
563 3443 690 3518 quidem
710 3445 958 3516 'significationis
986 3445 1130 3521 vulgaria
1162 3446 1310 3521 excorpla

308 3553 388 3610 lreec
409 3561 500 3624 sunt,
528 3571 609 3628 qnae
631 3556 729 3614 babet
749 3553 852 3614 Tbnc.
876 3555 930 3613 lib.
953 3553 1022 3625 111,
1053 3573 1123 3630 cap.
1146 3550 1195 3616 10.
1229 3547 1308 3623 καθ’

307 3648 340 3720 iv
360 3650 537 3742 γενόμενοι.
559 3661 609 3726 Jb.
633 3683 702 3739 cup,
728 3663 775 3722 11.
795 3653 1043 3735 ναυτικὸν-καθ’
1067 3648 1103 3723 ἓν
1123 3683 1309 3744 γενομενον.

307 3771 377 3833 Lib.
399 3770 502 3844 VIII,
531 3790 603 3847 cnp.
629 3771 679 3832 46.
708 3767 884 3855 γενομένης
910 3766 988 3845 καθ’
1011 3762 1044 3834 ἓν
1064 3769 1118 3848 γῆς
1138 3768 1171 3844 ἐς
1191 3765 1256 3852 γῆν
1277 3795 1310 3834 re

308 3872 366 3942 καὶ
389 3868 572 3951 ἓᾶλασσαν
593 3875 706 3961 ἀρχῆς.
735 3883 818 3948 Xen.
845 3887 918 3944 hist.
949 3903 996 3960 gr.
1018 3879 1070 3955 V,
1104 3881 1135 3954 2,
1160 3879 1208 3942 16.
1230 3877 1308 3954 καθ’

307 3975 341 4049 ἓν
363 3977 452 4054 εἶναι.
495 3990 545 4056 lb.
567 3991 631 4065 lll,
655 3992 685 4062 t,
699 3991 759 4058 27.
783 3993 901 4056 Contra
922 3995 1024 4054 rarius
1045 3998 1107 4070 est,
1129 3993 1192 4053 alia
1212 3999 1311 4055 uerba

249 4159 252 4164 .
307 4103 400 4174 addi,
423 4093 515 4180 injus
540 4109 669 4179 generis
689 4106 722 4163 in
749 4105 814 4169 ind.
836 4105 876 4164 ad
899 4097 1047 4180 Xenoplr.
1075 4103 1117 4162 de
1138 4101 1224 4181 Rep.
1246 4103 1307 4164 La·

308 4212 401 4274 eedd.
440 4231 469 4272 v.
494 4202 537 4284 εἷς
563 4215 644 4274 luae'c
667 4217 785 4302 protuli
809 4215 957 4290 exernpla
980 4217 1018 4273 ad
1043 4215 1111 4293 ejus
1133 4218 1207 4277 libri
1237 4233 1308 4296 cop.
