3010 4812
583 402 795 468 ...53-

182 571 223 634 31
252 581 333 636 extr.
365 564 443 653 πρὸς
471 563 506 633 di
532 563 567 632 τὸ
595 566 727 651 πέσημα
752 563 879 646 τείχους
909 562 1031 651 τοίφρον
1056 563 1182 646 έσωβεν

179 673 349 764 ὀρύσσειν,
380 674 435 748 ἵνα
462 673 505 764 μὴ
534 675 748 758 εἰσέλθωσιν,ι
774 701 813 740 οε
840 699 936 758 saepe
959 685 1053 742 etium
1075 701 1180 745 murus

180 796 314 855 interior
335 796 475 865 ducitur,
498 793 582 868 quod
605 794 690 853 idem
713 791 840 853 Aeneas
861 794 904 852 ib.
927 773 1100 870 praecipit,
1128 796 1179 852 id-

175 881 243 980 v(ruo
270 925 364 981 quom
391 905 483 964 multi
509 904 565 962 slii
592 919 689 979 sscpe
720 904 883 974 iecerunt,
911 908 978 962 turn
998 907 1058 978 ipsi
1082 896 1178 962 etism

179 1014 401 1085 Plataeenscs3
435 1013 501 1074 vid.
535 1010 639 1072 Thuc.
665 1013 722 1072 lib.
749 1011 799 1082 11,
834 1031 905 1088 cup.
934 1009 986 1072 76.
1018 1031 1089 1072 cum
1114 1031 1177 1089 quo

179 1125 253 1184 loco
277 1125 355 1185 utile
381 1130 429 1184 est
452 1121 600 1183 conferre
621 1140 703 1197 quoe
725 1122 767 1180 de
789 1122 846 1182 tell
867 1141 957 1181 muro
972 1124 1085 1182 scribit
1100 1114 1175 1184 sno·

146 1309 149 1318 ,
178 1251 292 1312 nyrnos
318 1241 431 1296 auctor
460 1233 600 1292 ineditus
629 1234 669 1290 de
693 1249 728 1290 re
752 1232 817 1291 mil.
841 1250 911 1307 cop.
934 1230 992 1294 XI.
1015 1227 1044 1290 εἰ
1062 1222 1099 1292 δέ
1118 1224 1180 1292 καί

178 1365 206 1403 τι
227 1336 323 1424 μέρος
343 1337 406 1403 τῶν
425 1334 578 1403 ἐναντίων
600 1343 707 1418 (scrib.
729 1334 791 1400 τῶν
807 1335 938 1417 τειχῶν)
960 1329 1083 1422 ε’ρῤοίγη
1104 1344 1178 1402 λαν-

177 1443 346 1524 θανόντων
374 1447 436 1514 τῶν
464 1443 618 1512 ἐναντίων
645 1444 731 1531 ἡμεῖς
756 1441 813 1511 διὰ
833 1441 948 1526 πολλὴν
968 1439 1094 1521 πάντως
1115 1445 1178 1511 τῶν

176 1554 451 1643 πολιορκουμένων
472 1553 627 1642 ἀμέλειαν
632 1605 644 1637 ,
672 1550 870 1632 ἀποστάντες
890 1555 938 1640 ἐφ’
961 1549 1101 1640 ἓκοίτερα
1121 1557 1178 1623 τοῦ

176 1661 337 1744 παᾶέντος
357 1664 484 1748 τείχους
504 1659 678 1752 ποιήσομεν
700 1661 756 1731 διὰ
778 1659 902 1747 τοίχους
915 1659 1087 1752 οἰκοδομήν
1106 1695 1179 1732 τινα

177 1772 310 1854 ’ένδοξτεν
342 1774 530 1862 ἀρχομένην
558 1771 616 1861 μὲν
640 1769 704 1839 dni>
726 1775 784 1841 τοῦ
803 1775 918 1862 ὑγιοῦς
939 1773 1066 1859 τείχους
1086 1776 1180 1854 &ard-

179 1915 236 1972 ρου
264 1886 397 1976 μέρους,
422 1880 593 1972 λήγουσαν
621 1881 656 1950 bl
681 1882 729 1951 ε’πί
750 1881 785 1951 τὸ
806 1880 921 1970 ἕτερον·
954 1885 988 1954 τὸ
1005 1885 1040 1954 dt
1062 1888 1179 1974 σχῆμα

178 1998 236 2063 τοῦ
266 1994 393 2078 τείχους
417 1989 499 2062 έστω
525 1992 697 2082 τρίγωνον,
734 1996 811 2082 μιᾶς
836 1989 1004 2078 λειπούσης
1030 1999 1180 2082 πλευροῖς,

178 2097 217 2186 ἣν
244 2111 329 2172 ποιεῖ
348 2104 384 2171 τὸ
410 2100 646 2191 πολεμούμενον
674 2113 786 2187 τεῖχος·
819 2105 862 2182 ὣς
889 2100 955 2194 είγε
984 2103 1044 2172 καί
1064 2101 1179 2174 τούτου

178 2212 391 2300 περιγένοιντο
417 2217 447 2282 οἱ
466 2214 625 2302 πολέμιοι,
658 2213 727 2281 ἀλλ’
748 2214 789 2281 οὐ
810 2209 936 2292 ποίντως
957 2213 1015 2282 καί
1036 2215 1094 2282 τοῦ
1114 2215 1177 2302 μετ’

180 2325 262 2392 αύτὸ
297 2319 557 2412 περιγενήσονται
592 2326 710 2391 morbos]
740 2322 923 2412 κτίσματος.
983 2329 1052 2392 Non
1079 2335 1181 2394 minus

180 2458 318 2502 neccsse
346 2449 415 2502 eret
442 2443 560 2502 distare
587 2443 778 2518 aliquantum
806 2445 847 2501 ob
868 2443 1026 2502 aediliciis
1048 2461 1180 2517 murum,

179 2557 207 2614 si
229 2558 257 2612 is
278 2572 319 2612 eo
341 2553 434 2612 modo
455 2553 625 2612 ilnnendus
646 2559 732 2622 erut,
769 2571 861 2627 quem
884 2551 1038 2612 describit
1060 2553 1179 2626 vegei,

180 2665 220 2722 de
251 2682 287 2722 re
318 2664 382 2721 mil.
407 2663 460 2726 lib.
482 2661 546 2734 lV,
569 2681 639 2738 cap.
663 2659 692 2720 3.
736 2659 792 2724 Ex
819 2663 868 2721 bis
889 2663 966 2720 satis
988 2664 1182 2738 intelligitur

178 2793 240 2834 non
261 2773 363 2832 solum
390 2772 525 2846 aliquem
547 2773 712 2848 religionis
734 2772 914 2847 opinionem
937 2773 995 2829 sed
1017 2776 1182 2848 egregiam

178 2885 274 2960 plone
306 2883 460 2942 rationem
489 2880 641 2942 Etruscis
668 2885 700 2941 in
730 2896 824 2940 cause
851 2880 967 2952 foisse,
1007 2899 1066 2940 cur
1094 2885 1183 2943 circe

179 3011 300 3054 risurum
321 2993 428 3051 locum
450 2993 637 3066 inarrguruto
661 2999 895 3054 consecrarent.
935 2991 1033 3061 Quod
1047 2993 1076 3051 si
1096 2990 1184 3052 Livii

135 3123 138 3130 ⁴
180 3109 305 3172 aetate,
343 3119 437 3176 quum
468 3103 569 3163 minor
597 3107 683 3164 esset
704 3102 977 3163 defendendorum
1000 3103 1122 3164 urbium
1144 3121 1183 3162 sc

180 3210 303 3273 Romae
326 3214 462 3270 niaxime
480 3213 679 3283 sollicitudo,
703 3214 974 3289 conjungebantur
985 3214 1082 3287 vulgo
1095 3231 1182 3272 moe-

178 3325 271 3382 nibus
293 3323 458 3394 oediticio,
488 3324 522 3382 id
543 3325 629 3397 quod
650 3327 786 3384 testatur
807 3321 881 3387 [εἰν.
902 3321 957 3381 lib.
977 3320 1011 3394 l,
1034 3339 1106 3396 cap.
1130 3319 1184 3396 lo,

181 3431 210 3494 l.
233 3437 268 3491 et
289 3434 315 3528 si
339 3431 423 3492 forte
446 3432 539 3519 plura
568 3433 666 3493 etlam
688 3433 759 3509 ejus
779 3437 828 3493 rei
850 3432 999 3507 exemplo
1019 3431 1183 3523 repetiqu-

180 3549 249 3614 tur,
277 3541 406 3616 proeter
428 3543 509 3602 illud
531 3540 670 3618 Nequlni
691 3545 856 3620 oppiduli,
880 3542 1006 3617 quode
1028 3538 1103 3602 Liv.
1126 3542 1182 3602 111).

179 3649 224 3728 X,
251 3671 321 3728 cap.
349 3651 398 3723 1⁰,
423 3647 453 3713 1.
476 3653 610 3727 protulit
623 3653 863 3724 Bloomfieldos,
890 3654 1183 3714 communistemen

180 3763 402 3837 plerorumque
429 3764 567 3822 omnium
593 3763 695 3838 qualis
722 3762 928 3840 mostoerit,
961 3763 1100 3825 dubitari
1120 3781 1184 3823 non

182 3878 300 3948 potest.

286 3981 498 4050 Quamobrem
532 3982 705 4046 verisimile
741 3985 816 4044 mibi
851 3984 981 4043 vldetnr
1015 3985 1181 4059 scripsisse

180 4090 407 4170 Thucydidem
435 4097 626 4171 transposito
652 4111 734 4154 voce
765 4113 827 4154 une
855 4094 920 4154 sic:
949 4077 1028 4168 ἃῆν
1048 4085 1107 4152 τοῦ
1128 4083 1184 4152 τεί·

177 4221 261 4277 κους
280 4194 412 4279 πλησίον
439 4196 498 4266 καί
518 4201 554 4266 αἱ
574 4194 677 4286 θύραι
698 4195 907 4287 ἀνεῳγμέναι
927 4191 1044 4280 ἔτυχον
1066 4194 1180 4264 αὐτοῦ.
