3012 4796
735 377 861 500 ..¹94
903 465 945 476 ...

333 609 417 678 satis¹
436 609 591 668 firmatum
621 611 689 677 est,
721 609 867 679 retineo,
903 605 935 661 in
964 619 1043 676 quo,
1077 603 1221 674 quoniam
1244 605 1338 660 autea

332 716 524 794 Syracusani
557 722 591 775 et
615 716 734 791 reliqui
761 714 863 803 Sicuti
892 712 1060 786 separatim
1089 715 1162 770 sunt
1183 713 1336 787 singulari

334 845 466 904 nuntero
494 827 665 903 appellati,
697 825 863 902 probabile
891 831 941 882 est
968 825 1117 895 utrosque
1140 839 1223 880 nnnc
1244 823 1339 882 simul

335 937 570 1012 comprehendi.
621 935 717 1004 Quod
750 935 777 992 si
806 936 851 992 ita
871 939 937 1003 est,
972 937 1106 1009 apparet
1133 936 1339 1005 sequentibus

333 1049 440 1105 verbis
471 1047 626 1106 contineri
655 1046 705 1116 id,
736 1044 820 1117 quod
844 1041 1058 1102 Athenienses
1080 1042 1220 1115 atrisque
1245 1043 1340 1102 simul

301 1141 304 1152 ¹
333 1157 403 1217 tieri
430 1158 578 1231 cupiunt3
610 1154 644 1212 td
671 1161 777 1211 autern
801 1153 895 1225 quale
922 1152 964 1210 sit
989 1167 1051 1208 non
1079 1153 1248 1211 obscurum
1271 1159 1337 1232 est3

333 1265 445 1327 nolunt
466 1265 680 1326 Athenienses
694 1261 824 1321 Siculos
846 1262 1025 1340 conjunctis
1041 1277 1112 1318 eum
1130 1260 1340 1338 Syracusanis

334 1378 454 1433 viribus
480 1358 631 1449 potentes'
657 1372 737 1431 heri.
780 1369 818 1430 ln
846 1371 938 1445 qnam
965 1374 1152 1429 sententiam
1177 1372 1339 1431 desidera·

333 1484 419 1542 veris
439 1501 502 1544 nou
525 1471 778 1562 denutriamur
795 1480 853 1538 sed
873 1473 1103 1557 βεβαιωὲαἷναι.
1147 1477 1234 1538 liiud
1257 1484 1340 1541 eninr

336 1593 403 1650 dici
440 1593 473 1651 in
504 1597 617 1665 rebus,
653 1607 731 1667 quas
766 1592 836 1666 quis
871 1591 930 1648 sibi
968 1589 1030 1662 ipsi
1063 1591 1186 1647 tirmare
1218 1593 1339 1669 studet,

334 1701 566 1762 Btoomiieidus
587 1704 719 1762 aliorum
743 1703 932 1777 scriptorum
954 1699 1036 1758 locis
1057 1700 1261 1774 demonstrat,
1282 1721 1340 1792 pro

336 1814 450 1886 quibus
482 1814 595 1872 meiius
626 1820 697 1872 erat
714 1787 841 1869 'afferre
868 1808 942 1868 iitos
970 1808 1173 1887 Thucydidis
1200 1811 1254 1872 tib.
1277 1811 1341 1884 lv,

336 1941 365 1981 c.
389 1921 429 1981 70
452 1929 534 1982 extr.
557 1924 614 1984 tib.
635 1920 697 1991 Vl,
721 1938 749 1985 c.
774 1915 822 1978 10.
846 1923 880 1978 et
902 1937 930 1978 c.
953 1915 1004 1981 34.
1048 1919 1115 1979 Sed
1138 1923 1341 1994 cogitandum

336 2041 397 2105 est,
419 2053 459 2092 ne
482 2005 635 2109 quassivam
657 2032 783 2106 quidem
806 2045 918 2088 vocem
940 2028 1106 2088 admodum
1129 2036 1232 2107 aptam
1256 2048 1339 2108 esse,

336 2145 368 2200 in
398 2161 458 2218 qua
480 2143 567 2202 uuita
595 2147 645 2200 est
666 2142 766 2200 mutui
788 2140 900 2198 anxilii
922 2141 1128 2211 significati03
1150 2141 1212 2198 hoc
1235 2127 1340 2202 aute'ur

336 2253 464 2325 volunt,
498 2271 538 2312 ue
561 2251 753 2328 Syracusani
786 2253 819 2308 et
846 2248 961 2322 reliqui
984 2247 1088 2308 Sicuti
1118 2251 1201 2308 inter
1227 2265 1261 2309 se
1284 2253 1340 2310 ad·

331 2364 449 2439 juvent
469 2367 504 2420 et
526 2364 726 2431 confirment3
764 2365 862 2433 atque
883 2358 916 2415 id
940 2359 1043 2416 media
1065 2377 1146 2417 voce
1169 2362 1340 2434 significari

337 2489 521 2546 quamquam
543 2489 604 2530 non
628 2475 737 2546 potest
759 2467 963 2546 Thucydidis
985 2469 1093 2542 atiquo
1115 2471 1263 2546 exempto
1283 2473 1339 2531 de·

335 2582 513 2651 rrroostrari‚
529 2586 647 2655 tamen,
661 2582 785 2655 opinor,
797 2597 858 2638 non
870 2586 978 2635 contra
990 2578 1117 2652 linguae
1132 2578 1277 2640 Graecae
1291 2585 1339 2641 in·

335 2691 464 2760 genium
486 2691 645 2748 statuitur.
677 2687 824 2761 Denique
850 2688 1034 2745 infinitivum
1064 2677 1220 2765 βούλεβαι
1243 2692 1340 2750 facite

336 2800 488 2874 quispiam
513 2804 685 2859 eounnutet
705 2801 738 2857 io
755 2785 919 2876 βούλεται,
956 2797 1059 2870 qualis
1080 2803 1211 2860 mutatio
1233 2819 1340 2876 quam-

338 2927 428 2984 quam
440 2910 523 2968 hand
534 2911 718 2983 infrequens
731 2913 790 2978 est,
802 2926 863 2967 non
875 2914 979 2966 tamen
989 2906 1119 2966 videtur
1130 2910 1275 2970 hocloco
1286 2931 1341 2971 ne·

270 3035 272 3040 ’
338 3021 475 3078 cessaria
503 3035 592 3092 esse,
627 3022 654 3077 si
682 3019 810 3098 quidem
832 3019 886 3074 hic
908 3018 1079 3078 infinitivus
1102 3021 1222 3095 pariter
1243 3026 1340 3096 atque

335 3129 534 3205 praecedens
548 3111 761 3198 κόλάσααβαι
778 3127 918 3202 pendere
934 3134 1041 3201 potest
1057 3133 1096 3188 ab
1110 3119 1341 3209 ἐνθυμηθήτω

335 3258 398 3298 non
426 3240 510 3298 enim
539 3258 641 3299 rurum
672 3245 723 3298 est
749 3254 853 3311 oeque
880 3237 964 3314 apud
994 3239 1089 3310 aiios,
1126 3259 1228 3315 neque
1257 3243 1339 3317 apud

337 3348 578 3426 Thucydidem
596 3349 782 3409 infinitivum
805 3355 878 3423 post
897 3349 1070 3422 particulas
1089 3356 1145 3409 ont
1159 3353 1343 3423 pronomina

335 3460 469 3520 relativa
499 3462 584 3535 poni.
628 3458 705 3521 Vid.
731 3452 837 3534 intptt.
864 3457 904 3518 ad
932 3459 987 3520 iib.
1011 3457 1037 3532 Ι,
1061 3479 1087 3523 e.
1111 3457 1160 3520 9¹.
1185 3446 1250 3518 ὅσα
1270 3463 1344 3537 βου.

334 3556 499 3639 deuectos.
532 3567 719 3646 adunit,
744 3587 771 3631 c.
796 3563 866 3630 102.
894 3555 944 3626 ὅτε
971 3559 1009 3644 δὴ
1034 3562 1194 3638 athomi.
1238 3567 1341 3646 Pupp.

335 3677 480 3755 proiegg.
503 3678 528 3741 1.
561 3699 591 3755 p.
617 3677 676 3738 145
699 3695 764 3754 seq.
788 3697 869 3754 quae
891 3684 1050 3739 structura
1072 3680 1215 3754 quoniam
1241 3681 1343 3740 nrinus

336 3789 449 3864 peritis
470 3787 607 3848 librariis
628 3794 764 3849 obscura
784 3790 848 3850 suit
869 3788 952 3850 haud
977 3789 1084 3857 dubie,
1106 3789 1154 3848 uti
1169 3786 1231 3848 ruit
1246 3794 1341 3850 etiam

336 3898 378 3963 H.
406 3898 586 3975 Stephano,
619 3900 717 3958 facile
745 3901 850 3975 potuit
876 3915 1005 3958 movere
1032 3898 1185 3973 aliquem,
1220 3907 1255 3960 ut
1276 3893 1342 3976 οὐχ

336 4012 493 4070 scriberet
520 4026 578 4087 pro
606 3999 670 4080 οὕς.
716 4009 812 4077 Quod
840 4011 868 4069 si
889 4011 1091 4079 restituatur,
1127 4011 1242 4083 possim
1265 4013 1349 4082 mihi

336 4119 442 4178 videri
464 4137 531 4180 rem
554 4121 719 4195 praeclare
741 4123 891 4196 gessisse,
913 4119 967 4192 qui
989 4117 1170 4180 diiiiciitimi
1187 4122 1251 4181 toci
1268 4137 1340 4180 sen·

337 4232 467 4291 tentiam
502 4237 608 4307 aptam
641 4234 776 4292 eruerint
804 4229 893 4292 uuila
919 4203 1028 4291 littera
1054 4235 1189 4306 mutam
1230 4233 1342 4294 haeret
