3010 4812
723 392 936 461 ..25-

327 569 560 646 qoilcommuni
586 567 665 627 inito
688 585 759 626 cum
782 569 865 626 ononi
887 569 1053 627 nohilitote
1076 568 1211 626 consilto
1232 587 1330 643 gene-

326 695 414 738 rosos
429 679 558 738 maritos
575 678 756 750 elegerunt,
780 679 968 754 nuptiasque
984 695 1094 750 magua
1114 697 1228 754 pompa
1242 681 1329 738 cele-

326 794 464 852 brarunt.
508 787 597 855 Quas
619 805 713 862 quum
727 786 920 848 Dexendrus
939 793 1118 863 comparate
1132 789 1330 866 plebejornm

325 917 415 958 lirano
442 899 585 973 pervim
607 899 735 956 turbare
759 903 947 973 conaretur,
978 898 1102 956 nobiles
1124 899 1219 972 globo
1242 899 1331 959 lacto

323 1017 359 1067 et
380 987 507 1068 illorum
529 1007 667 1066 fororem
689 1009 914 1084 reppulerunt,
937 1015 970 1067 et
993 1025 1088 1084 quum
1110 1007 1194 1068 haud
1217 1010 1331 1086 injuria

320 1121 573 1195 suspicarentur,
591 1129 735 1190 ,maguam
758 1117 818 1174 sibi
842 1119 991 1176 invidiam
1013 1138 1032 1177 a
1050 1117 1224 1178 Doxandro
1245 1120 1332 1194 epod

325 1229 536 1289 Athenienses
558 1225 724 1284 conflatam
747 1241 830 1298 esse,
853 1242 911 1284 seu
933 1237 1019 1287 metu
1042 1245 1099 1287 seu
1122 1231 1331 1306 conscientia,

325 1341 513 1401 tutissimum
534 1336 594 1394 rati
617 1334 727 1394 fucere
748 1337 802 1410 id,
838 1335 923 1409 quod
945 1341 1193 1416 accersebantur,
1226 1356 1331 1398 rerum

307 1461 382 1525 *per
407 1447 470 1505 vim
498 1445 592 1519 potiti
622 1452 695 1505 suut
723 1452 758 1505 et
782 1449 822 1504 ab
843 1445 1093 1506 Atheniensibus
1114 1448 1214 1508 invita
1236 1449 1332 1524 plebe

324 1551 523 1617 defecerunt.
566 1553 604 1613 In
633 1556 747 1628 quibos
776 1559 872 1616 rebus
899 1557 1043 1616 omnibus
1071 1562 1229 1616 strenuam
1252 1575 1329 1633 ope-

322 1685 387 1726 rum
409 1671 563 1726 naverunt
586 1667 690 1724 mariti
713 1667 773 1738 illi,
795 1667 849 1741 qui
873 1667 966 1725 etiam
989 1666 1076 1726 bello
1099 1671 1214 1726 exorto
1237 1685 1329 1742 prae·

325 1778 412 1852 cipui
435 1776 601 1835 exercitos
624 1777 724 1836 duces
746 1777 932 1836 extiterunt.
975 1775 1043 1836 Sed
1067 1795 1138 1836 cunr
1153 1774 1329 1837 Athenien·

321 1904 374 1946 ses
396 1886 517 1946 duobos
538 1887 668 1947 advecti
693 1887 846 1947 classibus
859 1883 1102 1962 Pachetedoce
1120 1890 1229 1946 urbem
1244 1893 1331 1948 terra
1366 1891 1370 1914 ¹

322 2000 462 2072 marique
485 1997 680 2067 obsiderent,
702 2015 807 2072 neque
822 1997 888 2055 olle
902 2001 941 2056 ab
957 1982 1222 2058 Lacedaemoniis
1238 1999 1328 2056 aunxi-

322 2107 359 2166 lli
379 2122 453 2182 spes
474 2112 576 2194 esset,
601 2113 635 2166 et
656 2109 808 2169 intestino
830 2109 928 2166 etiam
946 2107 1113 2168 seditionis
1135 2107 1218 2166 maio
1241 2109 1328 2168 lubo-

321 2220 458 2287 raretur,
480 2217 601 2278 accidit
624 2193 658 2278 ut
679 2219 803 2277 nobiles
821 2216 945 2291 apiebe
969 2218 1074 2277 enecti
1096 2221 1204 2276 urbem
1227 2217 1327 2276 dede·
1382 2247 1391 2266 ο

321 2330 394 2386 rent
423 2343 463 2384 ea
491 2327 584 2400 lege,
618 2347 658 2386 ne
685 2345 777 2402 quem
801 2329 831 2385 in
854 2325 982 2386 vineole
1005 2327 1182 2403 conjiceret
1202 2325 1329 2388 Paches

322 2444 377 2495 aut
397 2435 560 2510 supplicio
582 2437 729 2496 afficeret
749 2440 915 2511 antequam
938 2436 1036 2510 legati
1060 2437 1101 2494 de
1120 2439 1213 2496 venia
1227 2439 1326 2510 impe-

324 2545 434 2605 trando
456 2546 601 2605 Athenas
629 2549 713 2605 missi
743 2547 961 2605 revertissent.
1004 2544 1195 2618 linquente
1219 2551 1327 2606 urbem

323 2671 393 2711 eum
421 2655 570 2714 exercitu
599 2657 760 2730 ingressus
786 2657 892 2716 statim
914 2655 1072 2726 ostendit,
1105 2673 1196 2730 quam
1219 2673 1327 2733 purum

322 2766 418 2824 victis
439 2765 482 2825 sit
503 2765 534 2824 in
557 2767 660 2840 pectis
681 2767 836 2837 iiduciae3
856 2775 954 2839 atque
977 2765 999 2823 ii
1024 2765 1152 2839 quidem
1169 2767 1253 2826 inter
1269 2785 1325 2824 no·

322 2875 420 2945 biles,
453 2878 508 2948 qui
536 2880 671 2935 oraxime
700 2877 894 2936 deiectionis
920 2880 1068 2935 unctores
1095 2868 1262 2946 fuissent‚'
1284 2875 1325 2932 de

321 2987 423 3044 salute
446 3001 502 3044 soa
524 2986 669 3061 solliciti,
694 2987 732 3045 ed
756 2988 887 3044 deorum
909 2985 1219 3065 cresconiogernnt3
1242 2986 1331 3078 inter.

322 3073 401 3170 qnos
434 3103 525 3154 erent
559 3095 654 3154 etium
683 3094 890 3172 'l‘imophanis
923 3095 1046 3170 generi.
1109 3093 1159 3155 De
1191 3111 1324 3169 quorum

323 3205 476 3264 uxoribus
497 3203 623 3265 Paches
645 3223 738 3280 quum
761 3222 881 3266 summe
902 3222 1046 3281 quaeque
1069 3205 1247 3281 praedicari
1268 3222 1324 3263 uo·

283 3307 287 3320 ’
323 3315 425 3390 diret,
459 3314 580 3374 nefario
608 3335 679 3376 eum
703 3315 819 3391 copldo
841 3317 972 3387 invasit,
1005 3319 1040 3376 ut
1061 3331 1116 3374 eas
1134 3318 1166 3374 in
1187 3317 1325 3390 praedae

323 3432 414 3500 porte
447 3435 604 3512 tamquam
636 3441 745 3486 servas
777 3429 960 3502 occiperei3
1000 3426 1227 3498 libidinemque
1254 3425 1326 3500 ejus

323 3537 644 3611 per.imprudentiam
668 3537 860 3597 castissimae
882 3535 1017 3596 i'emiuae
1039 3534 1138 3609 magis
1160 3535 1255 3593 ettam
1268 3549 1323 3590 ac·

272 3648 275 3660 ⁴
324 3646 518 3719 cenderont3
541 3663 635 3721 quom
657 3649 740 3708 enim
757 3646 951 3706 accederent
968 3648 1009 3706 ud
1022 3662 1104 3718 eum,
1127 3643 1323 3719 genibusque

324 3752 494 3814 advolutae
517 3775 574 3832 pro
596 3761 777 3818 maritorum
799 3758 901 3816 salute
921 3756 1150 3834 supplicarent,
1173 3751 1228 3808 iile
1251 3767 1324 3827 pre·

326 3880 381 3922 ces
402 3866 528 3939 quidem
547 3867 637 3925 nihili
651 3867 742 3940 iecit,
766 3868 1011 3946 pulchritudinis
1024 3881 1101 3924 vero
1116 3862 1322 3921 admiratione

324 3977 486 4052 abreptus,
509 3977 594 4051 ipsas
614 3980 646 4037 in
667 3984 791 4056 tempos
814 3980 949 4049 dimisit,
970 3976 1098 4035 meritos
1114 3975 1219 4032 autem
1242 3973 1322 4031 clam

324 4086 463 4146 interhei
479 4088 593 4172 jussit,
622 4106 716 4165 quom
739 4089 866 4164 quidem
889 4103 945 4148 eos
966 4101 1001 4145 se
1024 4083 1190 4144 Tenedum
1212 4083 1325 4142 misso-

323 4212 392 4254 rum
415 4199 541 4258 dieeret
567 4217 636 4258 com
659 4199 791 4275 reliquls
818 4197 993 4267 nobilibus,
1025 4209 1104 4271 quos
1124 4197 1165 4254 ab
1185 4195 1249 4253 sris
1267 4193 1322 4250 ob·
