3010 4812
744 415 785 424 ..
832 379 870 449 10

347 553 475 614 neldun
509 558 612 614 tamen
643 553 783 632 conjicio
809 572 872 614 nou
899 553 931 616 in
961 553 1072 614 eodem
1100 569 1210 612 errore
1239 552 1352 626 tuisse,

348 665 465 740 qnippe
498 664 552 738 qui
582 667 759 724 rectissime
782 665 823 726 de
850 664 1002 741 stipendii
1031 667 1121 739 parte
1148 662 1232 739 apud
1260 664 1354 736 signa

348 775 541 848 sequestrari
562 775 658 834 solita
679 774 869 852 produxerit
890 784 925 836 et
946 774 1118 862 Iphicratis
1140 773 1352 849 exemplumc

347 884 508 962 Polyaeni
531 885 585 947 lih.
599 881 663 953 ill,
686 881 717 956 9,
740 877 792 947 51.
809 879 839 954 *i
861 889 896 944 et
909 882 1085 946 cesarnoni
1101 884 1140 943 ed
1153 902 1227 944 enm
1246 882 1353 942 locum

348 996 602 1064 adnotationem,
637 994 691 1067 qui
718 995 855 1053 eundem
878 1013 995 1057 rnorem
1018 993 1229 1054 Ronronorum
1253 993 1354 1062 fnisse

348 1105 470 1168 docuit.
489 1093 493 1102 ⁴
515 1101 623 1176 Atque
654 1119 746 1177 quum
778 1108 814 1161 et
834 1103 1015 1178 Iphicrates
1046 1105 1245 1164 utilissimum
1271 1085 1355 1162 illud

292 1245 296 1254 »
349 1216 518 1275 consilium
545 1195 636 1272 si'rum
659 1217 815 1298 expertus
836 1216 894 1285 sit,
926 1219 962 1274 et
982 1211 1143 1289 Vegetins
1165 1214 1206 1272 de
1227 1231 1264 1274 re
1288 1213 1354 1274 mil.

342 1321 560 1399 ‘11.eap.20.
588 1322 621 1380 id
650 1323 743 1399 plane
775 1322 929 1383 divinitus
955 1326 996 1383 ab
1017 1325 1155 1398 antiquis
1176 1325 1354 1386 institutum

349 1436 453 1510 dicet,
487 1436 598 1496 rutrum
629 1434 786 1510 proiecto«
808 1437 876 1502 est,
911 1433 996 1509 quod
1018 1432 1131 1509 Poppo
1160 1452 1220 1494 non
1242 1436 1357 1496 statuit

348 1543 423 1602 fidei
445 1545 560 1619 pignus
580 1561 651 1606 esse
674 1549 794 1620 portem
809 1544 893 1603 illam
906 1545 1057 1619 stipendii
1073 1563 1133 1604 uon
1150 1549 1355 1615 numeratam,

349 1654 407 1712 sed
428 1655 535 1729 potius
555 1671 621 1712 rem
646 1657 746 1713 honae
770 1653 959 1740 disciplinae
982 1655 1210 1741 periculosanr3
1242 1670 1356 1712 veren-

349 1765 423 1822 dum
454 1764 535 1822 enim
570 1764 668 1824 fuisse
691 1764 836 1842 judicat,
872 1783 911 1822 ne
940 1767 1084 1841 acceptis
1111 1769 1226 1824 nautae
1256 1765 1358 1823 ternis

349 1876 452 1934 obolis
480 1875 564 1949 qnod
593 1875 751 1949 reliquum
781 1887 868 1935 esset
889 1875 1042 1951 stipendii
1067 1890 1125 1950 pro
1147 1875 1280 1950 pignore
1303 1891 1355 1932 re-

348 1985 531 2069 linquerent
552 1991 586 2044 et
607 1985 724 2044 deinde
751 2002 822 2044 cunr
845 1993 1022 2046 commeatu
1038 1985 1243 2046 discederent
1259 2001 1356 2044 excr-

362 2245 365 2252 '
417 2238 444 2302 *i
478 2231 689 2292 Bloomfieldnm
710 2243 804 2289 notum
826 2242 869 2290 est
885 2251 1005 2306 magnam
1022 2229 1143 2288 locorum
1161 2229 1286 2288 similium
1306 2230 1357 2287 ier·

350 2322 467 2394 reginem
485 2319 519 2376 ad
536 2316 722 2390 Thucydidem
741 2319 924 2390 congessisse,
951 2335 1020 2394 quos
1041 2335 1124 2392 saepe
1142 2335 1178 2374 ex
1195 2317 1254 2392 ipse
1272 2313 1357 2372 Grae-

350 2423 442 2460 corum
466 2403 625 2478 scriptorum
648 2403 751 2456 sentina
771 2403 878 2480 petivit,
904 2402 951 2456 vix
969 2410 998 2456 ot
1014 2399 1065 2456 ulle
1085 2399 1237 2456 eorumve!
1256 2399 1358 2458 utilitas

350 2485 396 2544 vel
418 2486 559 2541 auctoritas
584 2504 646 2541 esse
668 2487 766 2562 possit.
804 2485 860 2542 Sed
882 2487 910 2540 in
932 2495 1002 2540 tenta
1030 2494 1218 2557 congestorum
1234 2482 1357 2540 locorum
1477 2525 1478 2546 r

349 2568 520 2626 multitudine
538 2578 600 2624 sunt
617 2570 704 2633 etiarn,
723 2570 769 2644 qui
786 2589 801 2623 a
818 2588 847 2624 re
865 2568 945 2624 alieni
963 2570 1030 2640 sion
1048 2569 1159 2624 aliorum
1173 2577 1295 2623 auctores
1308 2589 1356 2646 ps-

350 2673 408 2710 rnro
425 2662 545 2709 accurate
563 2651 672 2710 indicati
690 2662 764 2720 sunl,
786 2651 831 2709 alii
848 2655 1018 2731 reperiuntur
1034 2652 1201 2728 negligenter
1218 2651 1356 2729 descripti.

351 2737 429 2811 Quos
448 2736 543 2813 Poppo
562 2756 669 2793 errores
687 2747 716 2793 et
733 2747 896 2812 conquestus
914 2736 1133 2806 eminandum,
1161 2745 1189 2791 et
1205 2735 1358 2794 emendavit
1477 2803 1478 2816 ἵ

351 2824 415 2878 satie
439 2821 595 2896 diligentem
630 2824 755 2897 fugerunt
776 2839 837 2876 eum
863 2831 950 2878 temen
972 2819 1112 2894 nonnulla3
1148 2819 1232 2877 veluti
1253 2821 1282 2875 in
1303 2821 1357 2878 hoe

351 2909 412 2990 ipso
431 2911 566 2986 Polyacni
575 2911 635 2968 loco
654 2914 770 2968 omissae
787 2919 939 2969 sunlroees
954 2907 988 2972 ἓν
1000 2906 1038 2993 τῇ
1049 2901 1138 2971 δόσει
1152 2905 1211 2972 rod
1220 2909 1357 2992 μισβοῦ,

354 3023 408 3080 qno
427 3011 483 3058 lota
501 3003 632 3060 sententia
649 3005 820 3079 pervertitur.
854 3003 910 3060 Sed
925 3008 1030 3080 gravius
1044 3006 1110 3063 illud
1124 3017 1174 3076 est,
1192 3006 1357 3087 quodquam

351 3092 516 3172 apudThuc.
527 3081 583 3152 lib)
593 3089 639 3160 ill,
657 3112 714 3170 cap.
728 3098 766 3154 14.
783 3093 883 3152 locutio
896 3095 941 3154 illa
958 3087 1038 3156 ἴδιον
1057 3088 1111 3157 cdv
1125 3092 1278 3161 κίνδυνον
1293 3096 1356 3162 τῶν

351 3183 513 3275 σωμάτων
534 3182 805 3271 παραβάλλεσβαι
826 3215 881 3254 non
897 3205 993 3274 posset
1009 3195 1120 3254 eliorum
1139 3201 1300 3278 scriptarum
1315 3199 1356 3258 ln-

352 3300 391 3356 cis
409 3296 590 3376 comprobari,
618 3297 664 3374 q'ui
682 3296 739 3354 iere
756 3299 792 3354 ite
808 3295 886 3376 loqui
903 3294 1006 3352 solent:
1033 3287 1308 3376 παραβάλλεσβαί
1327 3323 1355 3362 n
1477 3357 1478 3364 χ

350 3395 383 3470 ἐς
404 3391 458 3460 cdv
479 3389 649 3475 κίνδυνον,
679 3396 877 3456 Bloomfielduo
899 3390 1017 3474 protolit‘
1031 3420 1066 3458 ex
1083 3400 1221 3460 Onoeand
1237 3423 1297 3482 pag.
1314 3411 1356 3462 99.
1477 3403 1478 3462 t

351 3502 433 3558 verbo
451 3501 530 3560 haec:
558 3491 710 3560 κίνδυνον
732 3489 891 3581 εὐτόλμως
911 3491 1207 3583 παραβαλλόμενοι,
1228 3529 1281 3586 qno
1299 3511 1357 3587 qni·
1477 3513 1478 3526 ¹

352 3590 414 3648 dem
431 3591 492 3648 loco
511 3595 588 3651 etiam
606 3598 644 3654 ait
660 3598 823 3670 interpretes
840 3596 927 3672 aptius
945 3615 1041 3654 usuros
1060 3596 1154 3666 luisse,
1171 3619 1202 3654 ac
1214 3599 1357 3674 rectequi·
1477 3597 1478 3606 ’

352 3675 422 3742 dem,
441 3678 506 3733 siis
524 3681 559 3735 ihr
577 3683 692 3758 scriptur
711 3689 799 3750 essetf
818 3677 868 3736 sed
885 3679 1021 3738 Onasand.
1040 3703 1097 3759 cap.
1115 3686 1155 3743 32,
1172 3703 1231 3759 pag.
1250 3685 1292 3739 99.
1312 3682 1357 3742 cd.

351 3765 506 3829 Sehwebel.
524 3771 583 3828 sire
600 3792 659 3848 peg.
677 3776 735 3830 104.
753 3769 795 3832 ed.
812 3769 877 3830 Cor'.
896 3767 963 3828 dixit
978 3775 1071 3850 polius
1087 3763 1187 3832 πολλὰ
1208 3762 1284 3850 πρὸς
1301 3764 1356 3834 cdv

351 3856 505 3925 κίνδυνον
526 3856 686 3948 εὐτόλμως
706 3861 994 3949 παραβαλλόμενοι.
1044 3871 1173 3932 Ceterum
1198 3895 1357 3953 quamquam

351 3979 407 4017 non
423 3960 508 4018 haheo
526 3959 614 4020 locum
631 3959 682 4022 hoc
699 3965 838 4044 aptiorem,
856 3984 908 4022 noo
921 3974 1013 4022 rumen
1027 3963 1089 4021 ideo
1104 3965 1219 4024 offendit
1230 3989 1273 4026 me
1284 3969 1357 4028 Tho·

353 4044 457 4122 cydidis
479 4049 576 4118 oreti03
603 4059 632 4105 nt
655 4051 725 4105 enim
748 4048 843 4116 vitam,
870 4050 955 4115 vires,
982 4052 1123 4127 pecuniam
1145 4061 1237 4128 potest
1258 4053 1356 4130 aliquis

353 4129 475 4188 conterre
497 4129 529 4187 ad
552 4131 652 4190 bellum
674 4130 831 4209 gerendum,
858 4133 894 4188 ita
916 4131 1038 4192 conferre
1063 4136 1142 4192 etiam
1164 4145 1257 4213 potest
1278 4157 1356 4194 suurn

353 4217 467 4293 quisque
484 4216 641 4296 periculum,
658 4216 732 4316 duod
749 4217 810 4296 ipse
828 4214 947 4274 aditurus
965 4229 1014 4279 est
