3010 4812
695 375 979 484 *ms

324 567 480 650 junctiais
506 565 558 622 rel
589 565 748 640 optativis·
798 564 864 624 lana
893 583 970 625 vero
992 569 1148 643 ejusmodi
1173 571 1279 628 verbis
1302 571 1341 627 in·

330 677 385 734 tali
408 693 442 732 re
466 675 582 748 positis
600 677 766 749 participia
790 684 921 749 possunt
935 678 1056 752 duplici
1075 679 1168 735 morlo
1182 667 1330 754 adjungi5

330 791 379 844 cst
400 787 484 853 cuim
507 786 709 859 participium
737 791 793 844 arrt
816 789 862 844 ita'
883 789 1064 862 copulatum
1087 796 1121 846 et
1144 791 1232 861 qnasi
1256 805 1332 848 cou-

329 897 431 954 fusum
464 913 535 953 cnm
563 897 661 959 verbo
689 910 761 964 suo,
800 905 836 953 ut
866 915 946 971 qaae
979 899 1106 972 proprie
1133 899 1173 954 aa
1202 903 1333 958 verbum

330 1008 468 1080 pertinet
495 1007 643 1077 negatio,
683 979 793 1062 eadem
823 1011 919 1066 etiam
949 1004 1148 1092 participium
1178 1012 1332 1082 tamquam

248 1177 249 1181 ,
328 1117 415 1174 illius
447 1121 565 1190 partem
585 1113 843 1186 complectatur,
874 1117 975 1174 veluti
998 1120 1030 1174 in
1052 1119 1118 1178 his:
1149 1105 1203 1175 ἵνα
1225 1121 1269 1196 μὴ
1292 1101 1333 1176 τοὶ

328 1215 468 1305 σώματα
495 1213 593 1298 χείρω
607 1209 736 1298 ἔχωσι,
769 1217 974 1293 δαπανῶντες
1000 1221 1032 1294 ἐς
1054 1221 1188 1286 τοιαῦτα
1210 1220 1265 1304 ἀφ’
1290 1212 1335 1285 ὧν

327 1330 347 1416 a]
370 1327 530 1402 ἅαξιένεια
551 1322 728 1410 ξυμβαίνει.
773 1351 853 1406 quae
876 1339 902 1392 si
918 1335 1098 1410 disjungas,
1127 1341 1174 1396 bis
1188 1339 1334 1425 ponenaia

328 1449 391 1504 erit
424 1446 566 1518 negatio:
604 1431 658 1500 ἵνα
690 1432 732 1521 μὴ
756 1439 945 1504 δαπανῶσιν
966 1440 998 1513 ε’,ς
1020 1439 1154 1504 τοιαῦτα
1175 1439 1254 1526 μηδὲ
1277 1437 1332 1506 διὰ

328 1549 420 1616 τοῦτο
447 1546 546 1632 χείρω
574 1542 614 1612 τὰ
637 1541 776 1630 σώματα
797 1540 928 1628 ἔχωσιν.
972 1554 1022 1613 lta
1043 1556 1166 1615 dnobus
1188 1561 1335 1616 inomaus

329 1686 421 1725 ιιιιιιιιι
446 1672 566 1726 tantum
595 1683 632 1723 ac
654 1664 792 1749 simplex
810 1668 990 1748 continetur
1009 1667 1143 1724 hominis
1160 1667 1336 1736 consitium,

329 1775 381 1836 Cf.
405 1777 459 1832 lib.
484 1773 528 1849 ll,
562 1792 631 1859 cap.
661 1771 712 1832 67.
747 1761 898 1853 {increpuit
928 1764 1099 1851 διαβάντες
1126 1768 1168 1844 ὦς
1196 1769 1335 1852 βασιλέα

328 1878 383 1960 νῆν
405 1873 494 1944 πόλιν
513 1871 697 1961 βλάψωαιν.
725 1883 778 1945 tta.
800 1863 829 1958 Ι,
855 1903 922 1960 cap.
946 1882 996 1946 31.
1025 1886 1079 1944 lib.
1102 1885 1164 1956 ΙΙΙ,
1189 1905 1258 1972 cap.
1283 1884 1335 1951 2‘2.

329 2015 399 2072 cap.
423 1995 474 2054 81.
520 1995 556 2053 ln
586 1995 686 2052 altera
713 2012 789 2052 vero
812 1997 933 2054 ratione
957 1997 1157 2081 participium
1182 2009 1232 2054 est
1255 1997 1335 2054 iltuit

329 2109 455 2181 quidem
479 2125 539 2164 non
563 2107 663 2162 minus
686 2121 744 2179 pro
766 2110 879 2163 natura
900 2123 955 2164 sna
978 2110 1076 2163 verbo
1092 2115 1248 2182 tamquam
1264 2109 1335 2182 ejus

327 2235 401 2294 pars
429 2219 566 2276 notionis
596 2216 794 2290 adjunctam:
827 2217 947 2274 indicat
978 2218 1060 2274 enirn
1093 2219 1164 2293 ejas
1193 2219 1278 2290 qraorl
1301 2220 1335 2276 tit

328 2331 464 2402 aliquam
492 2325 725 2394 conditioncm3
759 2341 862 2396 neque
892 2329 995 2384 tanaen
1019 2327 1050 2383 in
1074 2328 1208 2386 horaainis
1231 2329 1333 2385 consi-

327 2443 372 2505 tio
397 2443 569 2508 utrumque,
585 2437 654 2520 pari
677 2435 770 2492 ruodo
795 2435 1089 2507 comprehenditar3
1113 2439 1334 2510 quiquoniam

329 2537 485 2618 intelligit
508 2547 537 2602 id
563 2546 646 2620 quorl
669 2546 821 2602 tierinon
846 2545 931 2614 vult,
962 2564 1023 2603 non
1047 2547 1115 2602 tieri
1141 2566 1201 2604 non
1225 2564 1332 2621 posse,
1427 2601 1431 2612 ,
1486 2537 1487 2588 ἶ

329 2660 390 2718 nisi
417 2657 503 2714 aliud
532 2657 588 2712 fiat
614 2673 648 2712 re
672 2671 763 2724 vera,
799 2654 932 2712 alterum
954 2656 1016 2712 hoc
1040 2655 1186 2727 quidem,
1219 2659 1248 2713 in
1272 2674 1334 2728 quo

329 2769 417 2828 illius
446 2766 587 2824 conditio
611 2771 676 2838 est,
712 2783 769 2838 per
792 2767 993 2840 participium
1019 2767 1188 2842 enunciat,
1221 2768 1276 2824 secl
1302 2768 1333 2824 iri

296 2863 300 2874 ⁵
329 2887 432 2938 tuanen
458 2883 492 2934 at
513 2878 567 2933 tiat
590 2879 689 2950 cupit,
712 2875 841 2933 scilicet
863 2877 949 2950 prins
972 2874 1052 2932 iilud
1077 2884 1111 2933 ut
1133 2895 1173 2934 ne
1196 2879 1260 2934 tint.
1301 2879 1333 2934 ln

329 2990 386 3046 tali
410 2989 508 3060 igitur
529 3002 565 3042 re
589 2985 786 3044 manifestum
808 2991 870 3056 est,
893 3004 973 3060 quae
994 2985 1034 3042 ad
1054 2989 1181 3044 verbnm
1196 2988 1336 3060 pertinet

329 3100 475 3171 negatio,
506 3114 574 3153 eam
606 3099 774 3156 nonitem
802 3097 1024 3172 pertinerent
1049 3098 1268 3171 participiorn3
1301 3095 1336 3152 irl

331 3210 416 3281 quoti
447 3209 603 3265 neminem
631 3207 716 3279 fugit
746 3209 777 3264 in
804 3208 863 3266 mo
892 3206 966 3265 loco
997 3206 1161 3276 litavit,
1190 3225 1258 3280 cap.
1285 3203 1334 3264 17.

332 3319 464 3392 capiunt
485 3319 568 3375 caira
594 3312 766 3387 Corinthii,
791 3323 827 3375 ot
848 3318 914 3375 sois
936 3317 1117 3375 triremibus
1138 3318 1256 3374 animos
1278 3315 1333 3372 acl·

331 3435 456 3486 vertant
478 3427 704 3496 Athenienses,
728 3427 801 3501 quia
823 3429 919 3485 iidem
944 3429 1093 3513 capiunt,
1117 3432 1153 3483 ut
1174 3428 1334 3486 onerarias

332 3555 404 3596 suas
433 3553 528 3596 naves
556 3536 603 3593 illi
630 3539 717 3594 abire
741 3555 781 3595 ne
804 3537 986 3612 impediant.
1030 3535 1096 3596 Sea
1119 3537 1231 3594 eadem
1253 3537 1334 3593 hace

332 3649 414 3706 ratio
443 3648 536 3704 alteri
568 3664 693 3720 quoqne
724 3647 797 3706 ioco
827 3648 972 3705 adtriberi
1001 3647 1128 3715 debirit,
1162 3647 1223 3704 hoc
1251 3647 1334 3704 euim

333 3757 464 3815 efficere
489 3757 578 3830 capit
606 3756 811 3828 Alcibiades,
843 3776 883 3816 ne
914 3763 1027 3816 nautae
1057 3770 1153 3816 nares
1175 3756 1334 3826 deserant,

334 3870 425 3944 cnjus
452 3869 498 3924 rei
526 3868 606 3924 haec
633 3868 776 3925 conditio
804 3875 870 3936 cst,
902 3876 937 3929 ut
958 3866 1110 3953 stipendii
1134 3869 1254 3940 praetera
1278 3884 1340 3941 pro¹

332 3980 466 4052 pignore
486 3975 570 4051 epod
592 3976 693 4039 duces
715 3978 859 4036 relictam
874 3979 1029 4046 labeant,
1052 3978 1085 4033 id
1108 3975 1191 4048 ‹puorl
1215 3977 1336 4034 accidit

230 4121 234 4126 ·
331 4089 490 4163 stipendio
520 4103 580 4146 non
606 4087 645 4144 acl
675 4088 765 4145 aiem.
785 4104 911 4162 seraper
933 4105 1036 4160 nequae
1058 4079 1202 4162 ξυνεχῶς
1226 4105 1332 4146 nunte-

332 4198 440 4256 rando.
485 4195 633 4258 Ceteram
656 4215 741 4258 nunc
763 4197 888 4257 denium
906 4204 996 4256 recte
1017 4198 1220 4272 intelligitur,
1244 4214 1333 4272 quara
