3010 4812
297 338 357 382 riu

288 494 399 560 obesse
421 486 526 559 volui3
542 489 750 562 quamobrem
772 491 808 546 et
822 486 998 553 lenioribus
1017 491 1170 555 vitiorum
1189 509 1294 559 reme.

289 611 352 669 diis
377 624 450 670 esus
471 623 539 668 scm
560 623 652 682 qnam
674 607 765 684 potui
785 607 1038 683 diligentissime,
1060 619 1096 673 et
1118 614 1172 672 nbi
1195 616 1293 680 endu.

291 731 360 802 einr
381 728 444 800 fui,
471 726 569 796 facile
591 746 610 787 e
634 744 684 788 rne
697 728 892 801 impetrari,
921 735 956 790 ut
977 730 1103 790 inventa
1124 751 1197 795 urea
1217 751 1303 814 pre-¹¹

291 843 408 908 merem
430 849 463 908 in
486 845 645 923 praesenti
672 849 708 906 et
729 847 785 906 alii
813 849 952 921 tempori
988 852 1198 927 repetitisque
1225 873 1294 914 me.

289 967 499 1028 ditationibus
533 980 741 1026 reservarem.
803 965 951 1042 Denique
988 969 1130 1035 ordinem
1166 974 1294 1048 quidem

290 1089 375 1154 hunc
399 1085 467 1146 fere
490 1088 620 1145 secutus
641 1101 725 1155 sum,
753 1092 893 1164 atquae
914 1086 970 1146 vel
990 1087 1220 1164 interpretandi
1243 1093 1297 1152 vel
1347 1075 1349 1080 ¹

291 1203 540 1288 interpungendi
562 1203 686 1262 ratione
706 1210 851 1280 putarem
874 1206 1065 1278 corrigenda
1084 1225 1166 1282 esse,
1188 1213 1296 1288 priore
1349 1279 1353 1292 1

292 1327 367 1389 loco
391 1340 559 1402 ponerem,
587 1321 802 1398 adderemque
826 1323 996 1399 deinceps,
1024 1341 1105 1399 quae
1135 1329 1297 1406 aliquanto

166 1497 178 1518 ,
292 1446 437 1530 graviore
467 1443 546 1504 artis
562 1447 698 1500 ¹nostrae
732 1457 817 1500 arme
849 1442 1041 1504 desiderent.
1093 1443 1162 1506 Sed
1194 1454 1298 1511 tamen

292 1565 324 1624 in
353 1562 410 1620 teli
434 1561 573 1634 vquidem
604 1561 780 1636 scriptione
809 1563 837 1620 si
873 1567 994 1624 eertum
1028 1564 1172 1628 ordinem
1203 1572 1300 1630 anxie

292 1685 470 1752 observem,
491 1681 666 1740 verendum
688 1684 743 1754 sit,
766 1700 804 1741 ne
829 1681 940 1758 putida
958 1695 1057 1742 eane
1079 1701 1187 1760 parurn
1210 1689 1299 1750 utilis

293 1801 461 1878 diligentia
490 1800 654 1872 videatur3
695 1818 798 1875 neque
830 1818 891 1874 ego
924 1820 973 1860 me
1006 1803 1066 1865 lmc
1091 1804 1298 1880 jucunditate

294 1919 441 1980 fraudare
464 1918 571 1996 volni,
595 1928 630 1979 nt
651 1920 747 1996 paulo
768 1920 899 1982 liberius
920 1920 1109 1998 aliquando,
1136 1925 1188 1984 ulli
1212 1943 1298 1986 com·

293 2039 421 2100 modom
453 2042 556 2111 esset,
593 2057 612 2098 a
637 2058 673 2100 re
702 2041 864 2126 proposita
897 2040 1106 2102 discederem.
1150 2040 1298 2119 Denique

295 2159 380 2236 quod
394 2159 694 2225 lucubrationes
708 2161 792 2220 hunc
808 2160 1118 2238 libellominscripsi,
1141 2167 1299 2224 numenei

296 2297 339 2342 ex
357 2296 393 2348 re
406 2279 484 2348 iecir
508 2296 588 2354 qnee
602 2280 683 2338 enim
697 2297 780 2350 nnuc
793 2279 933 2357 profero,
956 2299 994 2340 ea
1007 2283 1172 2344 nocturnis
1183 2283 1299 2345 studiis

296 2405 330 2462 et
351 2400 483 2457 inventu
503 2400 577 2460 suut
598 2396 751 2473 pleraque
774 2397 920 2470 Parisiis,
949 2416 1042 2474 quum
1066 2401 1136 2458 dies
1157 2405 1217 2463 toti
1240 2405 1305 2462 mi·-

295 2517 435 2596 litarinm
468 2497 658 2593 scriptorum
693 2518 784 2576 libris
810 2533 882 2578 nuss.
917 2523 973 2578 aut
1009 2520 1215 2582 conferendis
1242 2530 1320 2582 ent·

296 2636 522 2698 describendis
551 2637 727 2696 insumendi
760 2640 881 2707 essent,
916 2642 950 2700 et
984 2637 1163 2714 perscripta
1196 2642 1299 2700 omnia

296 2755 527 2828 Vretislrvlee,
562 2773 657 2830 quum
693 2755 820 2829 quidem
854 2761 928 2816 nevi
960 2761 1097 2824 muneris
1126 2759 1208 2819 ratio
1243 2762 1299 2820 vix

298 2878 393 2936 etiam
407 2882 563 2936 nocturne
578 2883 720 2951 tempore
740 2877 813 2937 utini
834 2876 935 2934 libera
956 2876 1163 2950 relinqueret.
1196 2878 1299 2947 Quum

297 2999 339 3056 ol)
362 3011 504 3064 censum,
526 2995 672 3069 qnoniam
696 2996 765 3069 ipse
787 2995 868 3055 adeo
891 2995 1081 3072 quandoque
1103 2999 1203 3062 bones
1226 2998 1299 3058 dor·

298 3119 388 3174 mitet
404 3113 574 3186 Homerus,
596 3115 670 3172 milri
688 3117 716 3172 si
738 3114 823 3174 idem
837 3115 970 3190 accidit,
994 3117 1182 3190 paratiorem
1197 3118 1300 3185 ,etiarn

297 3249 392 3309 spero
413 3235 538 3294 veniam
565 3233 647 3296 iere.
700 3233 874 3294 Praeterea
895 3233 978 3294 illud
1000 3252 1125 3310 qnoque
1154 3237 1301 3296 excusari
1322 3257 1326 3266 ¹

190 3427 193 3438 1
298 3352 406 3424 velim,
435 3371 497 3413 nen
526 3354 700 3429 quaesitum
723 3360 778 3414 aut
799 3353 1047 3414 anirnadversem
1072 3355 1145 3418 milri
1170 3371 1252 3425 esse,
1273 3355 1300 3412 si

298 3471 375 3546 quid
398 3472 482 3533 forte
503 3490 547 3532 ex
567 3473 689 3548 aliquot
710 3475 799 3534 annis
822 3472 862 3529 de
885 3472 997 3532 iisdem
1018 3472 1116 3542 loeis,
1139 3489 1217 3547 qnos
1237 3479 1299 3533 tra-

301 3592 402 3670 ctavi,
429 3591 483 3650 vel
513 3594 546 3652 in
575 3594 747 3654 minoribus
777 3591 896 3651 libellis
917 3591 971 3649 vel
992 3593 1023 3650 in
1046 3593 1306 3666 ephemeridibus

300 3711 460 3786 proditum
498 3717 562 3785 est3
603 3730 712 3772 eorum
744 3711 826 3769 eninr
862 3727 966 3784 neque
996 3709 1127 3770 Parisiis
1162 3716 1300 3771 versanti

300 3849 403 3907 neque
427 3831 515 3890 illinc
542 3849 673 3892 reverso
699 3830 918 3909 perscrutandi
934 3833 989 3888 aut
1012 3830 1105 3906 copia
1127 3833 1181 3888 aut
1203 3831 1301 3892 otium

301 3949 373 4010 snit.

675 4073 929 4112 --<;>--
