3012 4796
594 360 829 445 -r111-

210 521 419 612 οἰκοδόμησιν
448 521 507 591 καὶ
527 523 610 595 νεοῖν
631 521 756 606 ποίησιν
778 523 929 610 ἐπέμενον
950 523 1140 612 τελεσξιῆναι
1160 523 1218 591 καὶ

208 630 275 704 ’ὅσα
295 637 334 702 ἐκ
354 636 414 702 τοῦ
424 631 547 702 Πόντου
562 627 627 700 idea
641 632 837 718 ἀφικέσξιαι,
859 631 989 718 τοξότας
1005 663 1038 702 aa
1050 633 1108 700 arui
1121 642 1218 704 σῖτον.

209 720 396 814 inlinitivuru
433 743 617 828 donuinam
649 753 732 812 euim
767 753 816 812 bis
846 753 986 824 intelligi
1019 753 1141 824 voluit,
1183 759 1219 812 ut

181 893 183 899 ·
207 865 310 924 semel
336 863 474 939 pendeat
495 866 535 922 ab
556 855 720 941 ἐπέμενον,
752 862 853 920 sanuel
874 865 914 921 ab
935 850 1018 938 ἔδει,
1053 879 1117 936 quo
1139 863 1217 922 nihil

210 990 290 1050 epus
316 980 383 1045 est,
413 973 571 1048 siquidem
597 973 732 1032 alterum
756 971 844 1030 illum
868 966 1058 1047 τελεσθῆναι
1079 991 1138 1048 pro
1159 991 1216 1048 ep·

211 1085 384 1156 exegetieo
410 1084 622 1158 aeciplamrrs3
651 1099 837 1156 quamquam
866 1083 961 1143 etiarn
984 1083 1012 1142 si
1033 1085 1104 1156 quis
1125 1083 1218 1142 aliter

210 1195 251 1254 de
280 1194 343 1252 lroc
368 1193 524 1253 inlinitivu
551 1198 688 1264 statuat,
718 1209 779 1282 uon
802 1197 907 1252 tanuen
930 1192 988 1251 illa
1013 1193 1218 1267 inaequalitas

211 1308 418 1366 membrarum
449 1304 612 1363 olieusloui
646 1318 717 1364 esse
752 1309 808 1364 aut
842 1303 937 1362 etiarn
971 1302 1077 1378 aliqua
1111 1303 1216 1378 ellipsl

209 1415 280 1476 tolli
307 1415 421 1485 debet3
457 1431 526 1471 narn
550 1431 644 1488 quum
668 1414 854 1489 plerumque
878 1415 1016 1474 membra
1037 1412 1217 1488 inaequalia

210 1526 289 1590 lacit
318 1523 547 1600 Thucydidem
585 1527 652 1583 tum
681 1524 712 1580 in
743 1523 903 1582 simillima
926 1541 963 1582 re
983 1525 1032 1584 sio
1055 1524 1140 1583 dixit
1160 1523 1215 1582 lib.

210 1635 289 1712 vii,
312 1653 341 1695 e.
364 1631 405 1692 20
427 1637 512 1693 extr.
535 1622 593 1692 arai
615 1624 633 1690 ὁ
655 1621 713 1711 μέν
734 1625 943 1710 Δημοσθένης
963 1627 996 1703 ές
1017 1622 1073 1708 τὴν
1085 1621 1217 1714 Αἴγιναν

208 1736 349 1816 πλεύσας
370 1737 429 1804 τοῦ
450 1729 690 1821 σεραπεύματές
711 1762 744 1800 aa
766 1728 799 1800 εἴ
813 1761 841 1801 σι
862 1733 1041 1804 ὑπελείπεσο
1057 1736 1216 1823 περιέμεινε

209 1846 266 1917 καὶ
287 1846 342 1916 τὸν
362 1844 530 1931 Χαρικλέα
552 1841 629 1921 ποὺς
645 1843 809 1931 Ἀργείους
830 1853 1039 1932 παραλαβεῖν.

293 1965 360 2026 Sed
387 1966 419 2023 ln
447 1962 631 2022 omittendis
658 1963 792 2021 voellms
817 1941 1006 2048 ¹quamquam
1033 1978 1124 2021 casus
1146 1963 1214 2038 ple-

208 2093 342 2150 rumque
370 2073 549 2132 dominatur
581 2078 616 2132 et
642 2072 842 2130 librariorum
869 2073 923 2130 vel
950 2071 1084 2132 fortuita
1111 2072 1215 2145 negli-

208 2187 318 2262 gentia
345 2184 398 2243 rel
426 2184 522 2242 etiam
549 2183 631 2240 mule
658 2182 771 2242 sedula
798 2182 975 2253 industria,
1004 2199 1086 2256 quae
1114 2182 1216 2240 omnia

208 2295 321 2371 regula
348 2293 435 2353 nulla
464 2296 684 2362 eontinentur,
721 2298 794 2352 sunt
814 2299 920 2353 tamen
944 2293 1096 2368 quaedam
1119 2307 1217 2351 voees
1296 2331 1300 2346 .

208 2425 290 2482 quae
313 2423 355 2464 ex
378 2403 522 2464 omnibus
545 2421 624 2462 uuae
647 2403 904 2476 frequentissime
922 2397 977 2461 vel
995 2404 1128 2463 omissae
1144 2407 1218 2460 sunt

208 2516 262 2576 vel
289 2514 435 2584 additaea
470 2515 530 2571 luae
561 2517 635 2572 sunt
661 2519 791 2588 praeter
816 2515 972 2574 articulos
1001 2515 1136 2573 niaxime
1158 2531 1215 2570 ne·

208 2626 304 2699 gandi
327 2630 361 2684 ei
385 2623 598 2700 conjungendi
622 2623 816 2700 particulae,
839 2616 878 2683 οὐ
902 2632 936 2685 et
957 2613 1014 2705 μή,
1037 2615 1098 2684 καί
1117 2631 1151 2683 et
1173 2615 1214 2682 τέ.

207 2734 383 2809 Utriusque
407 2736 533 2809 generis
555 2750 639 2792 nrrnc
663 2751 757 2792 uuum
780 2734 961 2809 exemplum
984 2731 1155 2810 proferam.

293 2837 401 2908 Irni·
431 2836 480 2931 19
511 2851 618 2922 cap·
646 2837 733 2906 00·
766 2833 848 2902 Ἐπεὶ
878 2831 921 2901 αἶ’
935 2865 978 2924 γε
999 2836 1151 2922 ὑμέτεραι
1171 2838 1216 2902 ἕλε

206 2947 294 3024 aridae
318 2940 379 3029 ἤδη
402 2944 491 3022 τινάς
516 2973 578 3012 που
599 2943 658 3012 καὶ
678 2942 933 3030 ἀπαρασκεύους
955 2942 1011 3012 διὰ
1032 2945 1067 3014 τὸ
1088 2947 1214 3012 πιστεῦ-

208 3085 267 3126 σαι
286 3051 449 3142 {pastona
493 3063 667 3139 Scripsisse
691 3062 919 3141 Thucydidem
942 3069 1020 3140 puto
1042 3049 1102 3137 ι’ἰδη
1125 3051 1215 3132 τινάς

206 3195 267 3235 που
294 3164 353 3233 καὶ
375 3166 440 3232 ,οὐκ
466 3161 738 3251 ἀπαρασκεύους,
770 3175 823 3231 νεΙ
851 3191 932 3248 quae
963 3175 1096 3234 radiatio
1119 3178 1213 3232 etiarn

209 3285 404 3361 probabilior
440 3283 570 3343 videtur
607 3269 668 3358 ἤδη
702 3273 792 3354 τινάς
825 3303 887 3342 που
914 3275 978 3343 οὐκ
1007 3272 1215 3360 ἀπαρασκεύ-

205 3417 272 3465 ους.
316 3391 393 3453 Nam
420 3395 448 3451 sl
475 3396 529 3467 qui
557 3400 673 3454 tautam
702 3399 876 3469 posueruut
896 3411 985 3470 spem
1008 3413 1047 3452 ae
1067 3394 1213 3453 fiduciam

206 3507 240 3564 lu
262 3503 539 3571 Lacedaemoniis,
572 3509 608 3563 ut
636 3522 729 3578 quum
758 3509 799 3564 ab
821 3495 1070 3565 Atheniensibus
1094 3505 1212 3563 delice-

207 3621 291 3687 rent,
313 3618 374 3692 ipsi
397 3612 439 3673 ad
461 3613 679 3674 defensionem
701 3631 788 3674 suam
812 3615 843 3674 in
865 3631 901 3674 se
923 3631 1044 3690 suoque
1061 3624 1214 3691 apparatu

208 3723 287 3780 nibil
319 3725 388 3799 spei
420 3725 575 3782 haberent
605 3726 813 3800 imperatique
840 3742 907 3783 rem
936 3729 1047 3785 summi
1078 3727 1213 3801 periculi

207 3832 418 3908 susciperent,
441 3836 540 3907 magis
563 3833 711 3908 profecto
733 3835 765 3893 bi
787 3835 849 3910 ipsi
871 3839 913 3894 ob
937 3837 1060 3895 consilii
1085 3838 1212 3895 temeri·

208 3947 305 4002 tatum
328 3962 419 4018 quana
441 3943 685 4005 Lacedaemonii
709 3949 750 4004 ob
772 3946 897 4004 nimiam
921 3947 958 4004 ud
983 3963 1034 4005 res
1056 3948 1212 4019 geremias

209 4052 389 4114 tarditatem
418 4056 667 4133 reprehensione
698 4056 786 4131 digni
810 4062 890 4118 sunt.
935 4056 1021 4116 lllud
1044 4076 1122 4117 vero
1146 4074 1210 4116 ma·
