3012 4796
601 381 813 446 ...75-

203 567 242 614 ea
262 553 477 626 significatur,
508 570 589 628 quae
612 552 671 625 nt,
697 571 761 614 uon
782 552 883 612 minus
904 552 972 611 diei
992 557 1098 629 potest
1118 537 1205 614 ἔστιν

201 645 264 734 ὧν,
298 680 389 737 quarn
418 681 489 722 cum
516 661 587 735 quis
616 662 777 722 adverbiis
805 663 904 722 utitur
930 649 1016 720 ἔστιν
1043 648 1088 738 οἷ,
1118 650 1205 723 ἔστιν

189 759 290 845 ὅπου.
323 789 427 846 neque
462 779 567 831 warren
599 771 737 832 alienum
765 776 830 843 est,
872 790 944 831 cum
970 770 1102 845 obliquo
1130 787 1205 833 cusu

203 883 299 944 eiiam
321 871 402 940 εἰσίν
426 884 634 960 conjungere,
657 899 755 956 quum
773 901 835 942 non
858 889 922 942 iarn
947 895 999 939 res
1019 886 1111 954 gesta
1131 895 1203 957 spe·

204 997 320 1062 ctatur,
343 1008 435 1064 quam
457 1009 566 1052 eorum
589 1007 747 1064 numerus,
769 992 809 1052 ad
833 1005 912 1066 quos
933 1007 973 1049 ca
986 989 1094 1064 aliquo
1111 991 1204 1050 ruodo

202 1104 362 1178 pertinet3
395 1117 579 1175 quamquam
602 1106 642 1162 ab
664 1103 726 1161 boc
749 1117 807 1162 usu
828 1100 1055 1178 Thucydidem
1077 1101 1204 1174 quidem

185 1213 348 1271 ·videruus
369 1211 567 1270 abstinuisse.
611 1208 703 1280 Quae
727 1230 821 1287 quoru
841 1213 886 1272 iia
906 1213 986 1283 sint,
1008 1213 1085 1272 satis
1105 1212 1204 1272 mani·

188 1321 320 1382 ‚festum
343 1321 419 1380 mibi
440 1320 570 1380 videtur
589 1337 674 1393 esse,
698 1339 760 1383 non
783 1337 877 1400 posse
900 1326 999 1381 bonos
1021 1324 1055 1379 et
1070 1337 1203 1380 accura-

202 1432 455 1506 tos.scriptores
482 1417 568 1489 ἔστιν
594 1417 632 1490 οἵ
646 1433 773 1504 dicere,
796 1431 855 1490 sed
877 1431 958 1491 tales
979 1432 1115 1502 tantum,
1148 1432 1220 1505 qui'

203 1541 379 1600 amisissent
399 1544 524 1600 rectum
541 1542 776 1616 genuinamque
790 1557 913 1602 sensum
931 1538 1015 1613 legis
1027 1541 1059 1600 in
1075 1541 1204 1616 linguae

202 1657 374 1713 natureae
396 1651 518 1710 ratione
542 1654 675 1725 positae.
721 1649 925 1710 Grammatici
949 1666 1027 1709 vero
1046 1667 1204 1728 peccave-

203 1768 277 1822 runt
310 1761 401 1830 ideo,
438 1760 524 1838 quod
553 1768 588 1820 ut
615 1777 712 1837 saepe
736 1778 841 1820 rerunt
870 1776 1068 1833 cognoscere
1096 1776 1206 1820 causas

204 1871 390 1946 negligunt,
414 1870 458 1928 ito
480 1871 533 1929 bic
556 1887 683 1944 quoqne
705 1888 766 1930 uon
789 1873 1016 1946 quaesiverunt
1036 1869 1078 1930 de
1096 1889 1205 1932 nume·

204 1998 309 2039 rorum
333 1980 444 2042 causis.

290 2081 399 2151 Idm·
420 2081 522 2176 ¹119
552 2097 660 2167 calle
681 2084 757 2152 ⁸²0
789 2081 897 2158 ἁπλῶς
912 2077 946 2147 δὲ
963 2081 980 2147 ὁ
997 2077 1135 2166 φὲάσας
1152 2079 1207 2149 cdv

203 2189 360 2279 μέλλοντα
381 2186 489 2258 κακόν
510 2220 538 2258 rt
559 2193 643 2278 δροῖν
663 2195 803 2280 ἐπῃνεῖτο
823 2188 881 2258 καὶ
899 2186 1139 2270 ὁέπικελεύσας
1153 2189 1207 2259 τὸν

205 2297 248 2389 μὴ
272 2296 511 2389 διανοούμενον.
565 2307 733 2371 Neminem
761 2308 893 2368 offendit
920 2308 1003 2367 iliud
1029 2302 1136 2380 ἁπλοῖς
1160 2301 1208 2386 δέ,

206 2437 267 2477 nec
289 2435 365 2477 saue
389 2424 438 2477 est
460 2422 491 2478 iu
514 2437 554 2478 eo
577 2421 742 2494 quicquam
766 2421 956 2490 offensionis,
979 2421 1039 2478 nisi
1062 2421 1132 2495 quis
1152 2438 1207 2480 ac·

208 2532 349 2589 curatius
376 2531 596 2589 observaverit
618 2527 824 2607 Thucydidis
851 2528 1129 2602 consuetudinem}
1167 2533 1209 2590 ob

207 2657 298 2716 quam
334 2640 482 2713 equidem
517 2641 664 2715 suspicor
694 2640 896 2700 scribendum
932 2655 1002 2699 esse
1032 2632 1140 2709 ἁπλῶς
1167 2660 1209 2704 ra.

207 2748 278 2809 Hac
308 2749 390 2806 enim
416 2749 575 2824 particula
599 2751 643 2810 uti
664 2750 748 2809 solet
771 2761 803 2810 ct
826 2750 857 2808 in
882 2750 943 2807 buc
966 2749 1101 2810 formula
1122 2751 1210 2810 etin

207 2859 297 2930 aliis,
334 2875 465 2932 quarum
497 2858 567 2918 iere
594 2861 707 2920 eadem
734 2860 783 2918 vis
809 2877 848 2918 ac
874 2859 956 2918 ratio
983 2866 1043 2918 est.
1097 2858 1210 2934 ltaque

208 2960 318 3037 ἁπλῶς
339 2988 372 3026 τε
395 2968 479 3028 dixit
500 2969 555 3032 iib.
577 2967 641 3042 111,
664 2989 692 3035 c.
712 2965 754 3028 38
776 2974 810 3028 ct
832 2987 862 3026 e.
886 2961 935 3030 45.
967 2965 1093 3028 Eodem
1116 2969 1211 3029 modo

208 3079 265 3142 iro.
277 3075 322 3149 11,
346 3096 375 3140 c.
391 3075 443 3138 41.
467 3068 607 3154 ronuta
629 3100 661 3138 n
681 3071 768 3160 etym
790 3080 846 3138 tro.
871 3074 935 3155 vl,
958 3075 1050 3143 aso,
1070 3065 1213 3154 emautu-

208 3210 258 3257 νες
285 3208 318 3246 rc
345 3178 493 3267 λέγομεν.
535 3189 618 3250 Item
647 3190 703 3250 tib.
726 3188 756 3266 Ι,
785 3207 813 3250 c.
837 3184 909 3249 138.
939 3178 998 3248 καὶ
1027 3175 1062 3248 ud
1083 3175 1213 3266 ξύμπαν

209 3293 314 3358 εἰπεῖν.
343 3294 414 3356 Lib.
436 3294 519 3370 Vll,
542 3317 571 3358 c.
596 3299 647 3360 49.
677 3289 713 3360 τό
734 3321 766 3360 πε
787 3288 917 3380 ξύμπαν
939 3293 1044 3360 εἰπεῖν.
1070 3296 1213 3370 1ῑι).Ν,

210 3427 239 3470 c.
262 3403 314 3466 63.
336 3395 371 3467 ud
392 3394 521 3487 ξύμπαν
543 3427 575 3468 νε
597 3399 636 3485 δὴ
659 3406 798 3491 γνῶμεν.
829 3410 886 3470 lib.
907 3407 977 3480 ΙΙΙ,
1000 3426 1028 3468 o.
1050 3403 1101 3466 92.
1123 3394 1158 3466 cd
1180 3426 1214 3468 πε

210 3506 340 3598 ξύμπαν
367 3503 512 3596 ὥρμηντο
539 3507 573 3578 τὸ
600 3509 720 3598 χωρίον
742 3511 866 3594 κτίζειν.
911 3519 1125 3587 Quamobrem
1147 3517 1213 3577 for·

211 3632 292 3692 sitan
315 3629 410 3688 etium

274 3733 361 3802 lib.
381 3729 495 3821 Vll,
517 3748 624 3817 0811·
646 3734 716 3804 W·
741 3740 944 3799 scribendum
965 3739 1008 3798 sii
1029 3725 1064 3798 cd
1087 3758 1119 3798 rs
1139 3725 1217 3818 ξύμ·

163 3893 166 3897 -
211 3869 276 3908 παν
296 3843 411 3930 γνῶτε,
437 3865 501 3923 quo
521 3849 596 3908 loco
619 3867 699 3910 arnus
720 3857 842 3911 tanturn
866 3849 973 3908 codex
985 3847 1163 3909 Vaticanus
1182 3866 1215 3905 ra

213 3960 310 4020 habet
337 3977 394 4034 pro
423 3959 555 4032 vulgato
583 3949 635 4040 de'3
664 3961 721 4019 sed
750 3978 820 4020 eum
844 3959 958 4018 librom
980 3961 1097 4018 scimus
1118 3959 1216 4016 etiam

214 4067 292 4125 aiibi
321 4069 406 4127 baud
433 4087 504 4128 raro
532 4089 625 4129 unurn
656 4072 810 4147 praebere
841 4067 875 4126 id
903 4069 989 4144 quod
1017 4065 1127 4126 veruu't
1155 4071 1216 4127 esi.

214 4173 284 4236 Non
306 4183 410 4240 tanuen
432 4181 603 4240 tacendum
626 4188 676 4240 est
697 4178 752 4243 tio.
774 4176 837 4251 lV,
860 4196 888 4241 c.
911 4167 962 4238 64.
981 4165 1016 4235 cd
1035 4164 1070 4235 di
1087 4163 1216 4256 ξύμπαν

974 4283 1017 4350 6*
