3010 4812
698 332 908 436 44-

303 524 491 598 siguificare.
543 519 654 582 Recte
680 541 758 584 vern
787 527 922 602 exputat
942 522 1072 600 Puppe,
1099 526 1125 582 si
1149 527 1300 600 quattuor

302 651 446 707 quaeque
468 647 564 691 naves
584 633 727 708 singulos
748 638 868 694 tarrtuur
894 634 1047 694 triobolus
1071 635 1189 724 viritim
1211 634 1297 693 acei-

303 745 448 819 piebanl‚
474 744 614 816 quintam
635 761 789 820 quamque
811 745 993 804 necessario
1015 746 1175 820 accepisse
1198 747 1299 814 binus,

301 855 369 912 sive
393 853 582 912 drachmam.
625 852 693 914 sen
715 855 811 912 habet
837 855 899 914 boe
926 854 1062 930 aliquam
1090 855 1300 930 iniquitatem,
1379 931 1384 938 x

302 966 330 1024 ai
358 966 390 1023 in
421 963 555 1038 singulis
583 963 729 1024 triobolis
763 965 962 1024 numerandis
990 981 1117 1042 seraper
1146 965 1180 1022 iil
1214 965 1300 1040 quud

301 1089 439 1134 summae
465 1077 647 1149 supererat,
678 1074 823 1133 inuram
855 1075 994 1147 quintam
1009 1093 1127 1136 navem
1150 1049 1300 1136 collatam

302 1202 373 1244 esse
395 1193 574 1246 statuamus.
598 1181 684 1255 Quin
704 1184 797 1252 enim,
819 1181 953 1242 stione
968 1185 1085 1246 bellum
1106 1205 1169 1246 nun
1191 1186 1300 1260 quinto
1353 1166 1359 1177 ¹

301 1296 409 1370 aliquo
430 1307 537 1352 mense
557 1290 721 1353 linireturi
752 1292 798 1352 ita
820 1293 903 1356 enim
927 1295 1031 1353 tiebat.
1045 1297 1242 1366 necessario,
1266 1302 1302 1354 nt

301 1424 395 1480 qanrn
417 1405 508 1462 vices
522 1420 583 1462 non
599 1420 658 1477 per
672 1417 781 1460 omnes
801 1417 900 1460 naves
917 1414 1144 1482 permeassent,
1168 1425 1186 1463 e
1209 1409 1299 1482 quin·

301 1533 363 1590 qne
386 1515 562 1589 quibusque
585 1509 633 1572 tol
653 1527 750 1571 naves
775 1510 997 1574 fraudarentur
1021 1515 1128 1590 aliqua
1148 1515 1299 1590 stipendii

300 1629 408 1704 parte,
437 1629 515 1698 quot
540 1637 664 1684 menses
686 1621 789 1680 adbuc
812 1623 854 1682 ‹le
882 1626 1020 1700 quinque
1042 1625 1299 1702 mensibusrlee-

299 1740 380 1794 rant.
425 1734 528 1803 Quam
549 1737 591 1793 nb
617 1748 740 1792 eausam
769 1751 831 1807 ego
859 1739 965 1812 potius
991 1740 1114 1811 statuo,
1137 1739 1228 1793 terna
1250 1745 1298 1794 ta·

299 1845 388 1905 lenta
408 1843 618 1918 aequabiliter
640 1845 673 1902 in
696 1843 833 1918 quinque
855 1862 995 1922 quasque
1013 1861 1111 1906 naves
1132 1844 1301 1903 distributa

299 1971 387 2027 ease,
422 1973 484 2030 qno
509 1956 622 2024 fiebat,
657 1960 694 2016 at
721 1956 749 2014 sl
775 1955 907 2016 ducenti
938 1957 970 2014 in
997 1955 1130 2028 singulis
1157 1954 1301 2014 homines

281 2072 401 2137 erant,
420 2066 537 2127 viritim
560 2065 730 2126 triobolum
754 2063 796 2144 13
816 2069 885 2124 sive
908 2067 1019 2126 obolus
1041 2061 1082 2144 3}
1104 2066 1299 2140 acciperent.

300 2175 392 2244 Quae
415 2176 542 2250 quidem
564 2192 681 2270 summa
703 2176 730 2234 si
752 2176 843 2234 nimis
864 2178 984 2238 minuta
1004 2177 1185 2246 videbitur,
1210 2175 1299 2248 cogi·

298 2287 427 2346 mnium
449 2292 510 2356 est,
532 2303 641 2360 parum
662 2287 833 2346 verisimile
858 2302 947 2357 esse,
972 2293 1007 2348 ut
1028 2287 1060 2343 in
1081 2285 1224 2345 omnibus
1245 2301 1299 2342 na·

299 2398 391 2456 vibus
426 2395 539 2469 pleuua
574 2394 673 2456 fuerit
705 2397 916 2458 ducentorum
949 2397 1107 2456 bominum
1137 2408 1299 2473 numerum

299 2525 368 2566 nam
404 2505 526 2562 etiamsi
559 2521 712 2580 ponamus
749 2525 821 2566 enm
855 2522 1019 2566 numerum
1050 2505 1227 2578 legitimum
1259 2520 1299 2562 ae

300 2619 497 2674 constantem
519 2614 635 2686 luisse,
663 2601 847 2690 quamquam
868 2633 909 2674 ne
936 2615 970 2672 nt
992 2614 1120 2688 quidem
1141 2616 1216 2674 satia
1232 2613 1299 2689 jani

299 2729 437 2794 onustat,
475 2731 602 2800 semper
629 2729 733 2784 tannen
769 2725 917 2786 ‹lernenrli
947 2730 1040 2784 erunt
1070 2724 1212 2784 nonnulli
1245 2723 1300 2780 vel

298 2836 414 2895 mortni
436 2835 489 2892 vel
512 2835 642 2895 militiae
666 2835 858 2896 desertores,
907 2833 1015 2902 Quare
1036 2835 1064 2893 si
1088 2835 1207 2894 fuerint
1228 2813 1298 2893 sere

210 2945 213 2955 “
298 2947 332 3006 in
353 2945 486 3018 singulis
507 2947 640 3003 navibus
660 2945 802 3006 turnines
819 2942 888 3018 CL,
906 2943 1023 3016 singuli
1044 2961 1088 3004 ex
1109 2945 1158 3002 lria
1178 2944 1298 3003 triobo-

298 3056 361 3114 lum
392 3053 432 3133 13„
457 3055 525 3114 sive
554 3055 666 3114 obolos
697 3051 737 3133 l}
764 3055 942 3126 habebunt,
969 3054 1002 3113 it
1029 3055 1114 3129 quod
1138 3055 1202 3132 jam
1229 3054 1299 3114 fere
1367 3071 1370 3075 ·

297 3163 449 3224 sufficere
467 3163 605 3224 vitietur.

381 3267 491 3370 Iulli·
511 3266 654 3360 VIII,
676 3284 783 3353 (tillio
805 3269 882 3340 ἴθι
913 3267 958 3350 τῷ
977 3265 1036 3355 μὶν
1057 3268 1299 3354 ιριηραρχοῦνιι

297 3377 343 3460 ιῷ
363 3374 397 3443 tl
418 3376 617 3445 iubreuourr.
648 3383 827 3448 Arlnotarit
848 3387 890 3444 all
911 3386 940 3445 l.
963 3385 986 3444 l.
1009 3385 1199 3455 Scholiasta,
1221 3377 1300 3444 ὁπλι-

297 3481 419 3554 ιεύιιυιι
434 3511 505 3556 esse
524 3485 596 3556 duri
612 3490 670 3554 ιοῦ
690 3488 851 3555 ὁπλιτικοῦ
871 3481 1018 3573 ἄρχοντι,
1037 3494 1166 3557 scilieet
1187 3497 1299 3569 opinor

296 3602 434 3664 alienum
457 3612 584 3666 retusa
607 3604 797 3683 Thrasyllo,
827 3621 898 3668 esse
920 3625 993 3668 eum
1021 3605 1154 3664 militem
1183 3581 1298 3680 grega-

296 3714 393 3784 riam,
424 3715 534 3775 maluit
555 3716 626 3792 ejus
648 3717 833 3791 dignitatem
862 3720 1031 3776 observare
1055 3733 1145 3789 qaam
1167 3716 1297 3796 linguae

294 3840 433 3896 graecae
465 3841 564 3886 usum.
612 3825 728 3902 Popno
750 3830 854 3886 tamen
889 3829 966 3888 satis
998 3828 1095 3885 babet
1123 3841 1298 3902 agnoscere

295 3933 382 3994 illam
404 3937 494 3994 verbi
516 3924 686 3996 ὁπλιιεύειν
708 3938 770 3998 vlm
792 3939 1046 4008 insolentiorem3
1069 3933 1299 3998 Bloomllelilus

195 4061 203 4076 ·
295 4060 384 4117 vero,
406 4045 447 4105 ad
469 4063 563 4120 quern
584 4047 727 4120 delegat,
749 4067 820 4108 num
838 4048 923 4108 forte
946 4067 1018 4106 eum
1036 4061 1124 4108 usum
1141 4049 1298 4124 exemplis

296 4161 501 4232 conprobare
514 4156 685 4230 studuerit,
707 4158 856 4233 equidem
872 4159 994 4236 neseio,
1017 4175 1121 4234 neque
1143 4158 1178 4218 id
1194 4162 1297 4218 minen
