3012 4796
710 379 922 447 „96-

311 547 357 634 ρὶς
378 542 522 632 ἑκάτεροι
544 557 654 626 egunt,
677 569 860 628 quunrqunnr
884 552 1024 630 ejusdem
1043 551 1209 613 Persarum
1229 553 1315 624 regis

312 669 407 724 rebus
428 664 606 724 studentes,
650 659 801 722 Ceterum
828 664 1004 738 scripturae
1026 661 1083 720 illo
1105 663 1208 733 vicio,
1231 663 1316 734 quod

312 776 388 834 rnibi
410 775 579 834 sustulisse
601 772 725 843 videor,
747 772 825 830 nihii
849 769 1049 846 frequentius
1070 776 1128 829 est.

326 911 328 918 ·
397 877 506 947 Irib.
527 876 863 970 1119ou1n116.
893 870 968 950 τοὺς
989 871 1047 960 uin
1068 871 1135 960 γὰρ
1156 883 1319 960 §cynara-

315 987 452 1054 δουλοῦν
474 980 517 1052 ἂν
540 983 632 1068 σφίσι
655 1014 687 1052 re
709 982 818 1059 αὐτοῖς
839 980 874 1049 ro
896 985 949 1066 τῆς
963 977 1136 1063 θαλάσσης
1150 983 1242 1069 μέρος
1260 982 1319 1050 καὶ

313 1095 424 1181 ἐκείνῳ
451 1091 522 1163 ὅσοι
549 1097 583 1160 e’v
611 1096 649 1182 τῇ
674 1092 833 1178 βασιλέως
846 1087 991 1175 ‘'Eidnbee
1013 1094 1157 1177 οἰκρῦσι,
1189 1090 1261 1171 τοὺς
1283 1090 1319 1160 δὲ

316 1205 502 1274 τούναντίου
528 1199 806 1289 ἒλευβερῶσοντας
833 1197 931 1283 ἥκειν.
985 1210 1093 1270 Suasit
1115 1210 1319 1286 Tissapborui

315 1322 520 1392 Alcibiades,
564 1338 604 1379 ue
640 1321 827 1386 societatem
859 1319 944 1378 iuter
979 1318 1250 1380 Lacedaemonios
1287 1328 1321 1382 et

314 1433 529 1495 Athenienses
549 1433 617 1490 tieri
640 1434 822 1508 poteretur,
852 1445 932 1487 uere
956 1429 1105 1505 conjungi
1128 1437 1233 1490 terroe
1254 1450 1319 1491 mu·

316 1544 425 1616 risque
459 1542 643 1616 imperium,
682 1540 738 1598 sed
772 1540 891 1598 alteros
921 1537 1064 1614 foveret,
1100 1557 1163 1614 quo
1194 1545 1320 1616 uitrique

317 1654 403 1710 inter
436 1667 470 1708 se
498 1651 709 1712 destruerent.
764 1647 1001 1709 commodiores
1027 1657 1130 1708 autern
1159 1651 1188 1707 ei
1214 1654 1322 1713 socios

317 1762 531 1821 Athenienses
558 1761 649 1836 fore,
683 1759 767 1834 quod
791 1777 893 1834 neque
913 1764 1064 1818 terrestre
1087 1733 1250 1833 imperium
1272 1761 1321 1820 ut'·

318 1871 509 1960 sectareut,
536 1887 641 1943 neque
675 1860 855 1929 libertatem
893 1870 1010 1927 ceteris
1046 1867 1179 1928 Graecis
1212 1887 1322 1943 parere

318 1974 501 2052 studerent,
535 1982 592 2038 sed
621 1997 682 2041 una
712 1998 783 2040 cum
811 1977 919 2038 Persis
946 1981 1050 2038 omniu
1077 1981 1108 2036 in
1136 1981 1322 2040 servitutem

317 2091 480 2149 reducturi
504 2095 625 2163 essent,
657 2093 700 2148 ito
723 2089 866 2164 quidem,
894 2093 929 2146 ut
951 2089 1136 2148 maritimum
1159 2090 1322 2164 imperium

318 2201 379 2259 sibi
412 2206 630 2266 reservarent,
670 2206 822 2258 terrestre
853 2216 932 2257 vero
960 2197 1065 2256 Persis
1092 2201 1322 2274 permitterent.

321 2309 533 2377 Quamobrem
561 2311 708 2384 quonium
740 2311 784 2370 itu
815 2309 894 2368 haec
930 2308 1012 2406 inter
1046 2325 1081 2366 se
1112 2317 1323 2382 opponuntur,

318 2420 520 2478 scribendum
547 2425 597 2480 est
626 2410 659 2477 ’ev
686 2411 731 2499 γῇ
756 2408 914 2496 βασιλέως
941 2434 998 2492 pro
1025 2409 1058 2476 'ev
1080 2411 1126 2497 τῇ.
1149 2419 1189 2476 de
1212 2424 1341 2504 eudem¹

322 2528 511 2588 confusione
539 2529 603 2590 vid.
631 2526 763 2601 Pssuglr.
793 2528 864 2585 odn.
894 2530 966 2587 crit.
995 2528 1033 2583 od
1057 2524 1170 2602 Eurip.
1192 2528 1323 2592 Hercei.

324 2636 395 2700 141.
422 2643 457 2695 et
482 2640 589 2695 uotum
618 2642 668 2728 est
692 2655 783 2712 quum
805 2637 903 2695 focile
926 2652 1080 2712 quumque
1103 2636 1287 2711 frequenter
1308 2662 1325 2700 r

321 2752 401 2826 ὼγ
423 2748 552 2830 ittterue
577 2753 829 2818 commutentur,
853 2748 944 2822 cujus
966 2749 1012 2804 rei
1029 2729 1121 2806 'uliud
1145 2750 1323 2826 cxernpbnu

237 2907 242 2915 .
321 2859 450 2930 addam,
478 2857 573 2934 poulo
596 2858 723 2932 quidem
747 2857 911 2917 difficilius
933 2863 1103 2933 propterea
1125 2860 1207 2932 quod
1230 2863 1262 2920 iu
1286 2880 1325 2919 eo

322 2969 444 3028 duabus
465 2970 560 3026 etiarn
583 2969 654 3026 otiis
673 2969 896 3028 mutationibus
918 2968 1067 3027 utendum
1090 2977 1141 3026 est
1161 2987 1265 3044 neque
1287 2972 1327 3028 iis

321 3086 427 3138 tumen
450 3079 552 3137 miuus
576 3076 812 3153 frequentinum
842 3095 910 3137 num
934 3080 968 3135 et
990 3100 1000 3134 ι
1022 3079 1204 3153 saepissime
1227 3099 1284 3156 pro
1305 3103 1324 3154 η

321 3189 489 3259 scribitur,
524 3192 559 3247 et
580 3209 604 3246 α
626 3189 657 3247 in
685 3189 911 3248 vetustioribus
933 3188 1059 3261 quidem
1082 3190 1172 3246 itbris
1194 3193 1326 3250 eundern

322 3299 392 3357 fere
415 3298 544 3358 formum
568 3301 663 3358 babet
685 3317 757 3358 cum
779 3319 831 3375 ευ,
854 3316 916 3373 quo
938 3300 991 3368 fit,
1013 3305 1048 3357 ut
1070 3300 1153 3375 opud
1177 3298 1326 3378 Thucyd.

321 3408 377 3467 lib.
400 3405 460 3477 lv,
485 3426 512 3469 c.
539 3405 588 3468 18.
612 3426 669 3484 pro
692 3397 938 3486 edgvveruireoov
966 3409 998 3466 in
1021 3409 1092 3470 cod.
1115 3406 1263 3483 Lugdun.
1285 3412 1328 3470 stt

323 3504 566 3594 ἀξυνετώτερον.
602 3520 679 3576 item
712 3518 768 3579 lib.
797 3517 852 3596 II,
889 3536 916 3581 c.
939 3515 991 3576 89.
1025 3502 1158 3578 ἄτακτοι
1191 3520 1222 3576 in
1254 3521 1326 3580 cod.

322 3626 461 3690 Vindob.
484 3645 543 3704 pro
565 3612 720 3691 odiremur.
742 3629 797 3690 Iib.
811 3625 910 3706 VIII,
934 3647 961 3692 c.
978 3625 1027 3692 66.
1050 3617 1181 3704 ἀπρεπὲς
1204 3629 1234 3686 iu
1255 3632 1328 3691 cod.

328 3735 447 3799 Graev.
470 3757 528 3813 pro
551 3730 708 3817 εὐπρεπές.
730 3740 786 3800 lib.
801 3737 845 3808 V,
869 3756 897 3801 c.
914 3734 962 3802 16.
987 3755 1044 3814 pro
1060 3726 1222 3822 ἕφβυμῖαυ
1236 3750 1326 3814 quot·

324 3857 401 3907 tuor
429 3849 522 3910 codd.
545 3851 664 3909 boireut
690 3835 871 3928 εὐβῦμῖαν,
906 3849 991 3908 uude
1013 3852 1045 3908 in
1069 3848 1190 3906 duobus
1211 3845 1327 3914 Poriss.

325 3965 429 4018 ortum
456 3949 621 4040 ciburrium
657 3967 691 4021 et
719 3965 831 4020 contro
850 3959 906 4020 lib.
928 3955 1008 4029 VII,
1032 3977 1060 4018 c.
1082 3953 1134 4018 ³4.
1156 3975 1214 4033 pro
1236 3945 1329 4020 ἄπλοι

326 4068 398 4128 cod.
426 4068 528 4132 Poris.
558 4071 588 4132 h.
616 4072 713 4132 hebet
735 4055 841 4130 editior
861 4073 896 4128 et
917 4067 1035 4128 ibidem
1057 4069 1154 4146 paulo
1176 4080 1249 4145 post
1270 4088 1328 4146 pro

325 4162 444 4250 dudone
472 4181 543 4244 cod.
570 4179 668 4244 Poris.
696 4183 716 4246 i.
742 4183 840 4243 hebet
860 4163 1002 4249 editione.
1046 4178 1145 4258 Apud
1165 4179 1328 4242 Heronem
