3012 4796
715 438 927 504 ..73-

319 611 439 670 leratur
459 575 629 684 multisque
652 611 850 686 comprobari
871 614 979 686 potest
1000 609 1174 686 exemplls3
1196 615 1230 669 at
1242 623 1321 667 vero

319 721 525 778 vehementer
555 723 594 778 ab
621 721 683 778 hoc
713 737 834 793 genere
857 721 1035 796 discrepat,
1069 737 1162 793 quum
1186 735 1320 796 praee,

320 829 405 905 qood
434 833 588 904 tamquam
618 829 658 886 de
685 847 721 888 re
752 838 842 904 gesta
863 831 1085 908 praedicatur,
1118 831 1218 906 ipsum
1241 825 1323 888 illnd

320 958 432 1000 nomen
456 940 597 1016 ponitur,
620 937 660 996 ad
683 941 767 1014 quod
789 959 961 1017 pronomen
984 940 1153 1000 relativum
1171 940 1322 1015 pertinet,

320 1067 423 1126 neque
459 1054 564 1108 tamen
601 1049 662 1118 ita,
705 1053 739 1108 ot
766 1067 808 1146 eu¹
832 1051 918 1109 inter
945 1065 980 1108 se
1011 1049 1162 1125 conjungi
1192 1047 1323 1125 possint⁴

320 1156 401 1219 Nam
432 1159 512 1217 illud
547 1157 677 1216 facilins
709 1162 776 1234 est,
812 1158 896 1232 quod
933 1159 1027 1218 homo
1059 1159 1184 1234 quidam
1218 1157 1324 1230 aliquo
1447 1171 1455 1192 ⁸

320 1269 414 1327 modo
442 1269 622 1341 descriptus
651 1267 699 1326 rei
723 1271 835 1340 gestae
857 1266 931 1326 loco
953 1269 1128 1343 accipitur3
1160 1269 1217 1328 sed
1240 1262 1326 1342 qood

320 1393 427 1437 rursus
455 1395 495 1434 ea
521 1392 573 1434 res
593 1384 685 1448 gesta
708 1377 849 1453 ejusdem
873 1377 1005 1435 hominis
1028 1361 1098 1435 esse
1122 1379 1258 1448 dicitur,
1292 1365 1327 1436 id

320 1487 468 1564 profecto
490 1487 641 1562 majorem
663 1487 760 1544 hahet
781 1487 1003 1567 offensionem3
1026 1486 1127 1544 forma
1148 1490 1231 1546 enim
1254 1455 1327 1546 sen·-

319 1598 440 1656 tentiae
461 1596 542 1655 haec
564 1600 625 1669 est,
649 1599 766 1656 utnon
788 1610 852 1669 res,
875 1596 934 1654 sed
957 1607 992 1656 ut
1014 1597 1108 1653 homo
1125 1594 1328 1655 idemhomi·
1382 1658 1385 1664 ¹

319 1709 367 1766 nis
394 1705 536 1782 ejusdem
565 1721 635 1766 esse
663 1706 797 1766 dicatur.
843 1703 916 1774 Quo
938 1701 1068 1780 haidem
1089 1705 1260 1764 insolentia
1283 1705 1330 1762 ita

320 1813 467 1891 plerique
490 1831 600 1873 omnes
622 1817 796 1891 scriptores
818 1817 1057 1886 abstinuerunt,
1081 1820 1116 1876 nt
1137 1815 1330 1893 paucissima

320 1925 391 2002 ejus
413 1928 617 2000 reperiantur
639 1925 807 2008 exempla3
830 1943 926 1984 unum
951 1931 1056 1985 autem
1079 1927 1176 2000 idqne
1195 1924 1329 1983 dubium

320 2035 501 2111 exemplum
525 2033 713 2112 Thucydidi
735 2036 818 2094 haud
841 2036 1041 2095 tribuentium
1065 2037 1118 2108 sit,
1140 2035 1199 2094 nisi
1215 2051 1329 2107 magna

320 2144 420 2204 luerit
446 2147 637 2216 necessitas3
670 2144 728 2203 sed
756 2145 789 2202 id
817 2163 877 2203 non
905 2147 999 2204 modo
1027 2161 1160 2204 necesse
1182 2163 1243 2204 non
1267 2147 1328 2212 est,

318 2255 377 2314 sed
410 2273 451 2315 ne
482 2255 648 2331 probabile
677 2253 816 2329 quidem.
882 2251 1095 2332 Thucydides
1125 2256 1205 2313 enlm
1235 2252 1330 2312 aliter

318 2365 407 2440 loqui
434 2365 535 2435 solet,
569 2368 665 2438 atque
689 2365 784 2424 etlam
806 2363 839 2422 in
863 2364 975 2423 iisdem
1001 2365 1107 2423 verbis
1128 2364 1223 2424 aliter
1244 2364 1330 2424 dixit

317 2472 373 2536 lib.
395 2472 424 2544 l,
447 2492 473 2535 c.
501 2469 569 2530 120.
593 2465 724 2550 ἀνδρῶν
745 2461 813 2553 γὰρ
835 2461 1013 2550 σωφρόνων
1035 2465 1095 2554 μεἰι
1116 2468 1214 2552 ἔστιν,
1237 2469 1265 2533 εἶ
1285 2461 1328 2553 μή

245 2616 249 2624 ,
309 2575 498 2651 ἀδικοῖντο,
530 2571 722 2656 ἡσυχάζειν.
746 2593 781 2644 et
811 2597 918 2642 rursus
938 2554 1041 2640 'aliter
1068 2583 1123 2642 lib.
1145 2583 1213 2654 vl,
1243 2603 1272 2643 c.
1296 2578 1327 2653 6,

318 2685 450 2770 σῶφρον
472 2683 499 2751 δ’
523 2677 614 2754 εἶναι.
639 2691 681 2752 cf.
703 2693 744 2753 ib.
769 2710 797 2751 c.
820 2690 870 2752 41.
894 2696 928 2750 et
951 2695 992 2751 lb.
1017 2711 1045 2750 c.
1061 2689 1112 2750 99.
1137 2680 1183 2752 <in
1205 2712 1329 2771 σωφρο-

318 2793 470 2879 νέστερον
493 2787 547 2876 εἴη.
592 2800 657 2862 Sed
689 2803 818 2874 gravius
839 2802 920 2860 illud
943 2811 1009 2874 est,
1041 2803 1124 2875 quod
1148 2804 1176 2862 si
1198 2801 1327 2878 Poppo-

318 2931 389 2972 nem
412 2926 592 2985 sequamur,
615 2913 715 2972 totius
733 2913 911 2970 sentcntiae
927 2916 1087 2971 structura
1105 2914 1328 2988 corrumpitur.

317 3019 438 3080 Statuit
467 3021 550 3079 enim
578 3021 611 3081 in
635 3023 815 3097 parenthesi
839 3021 905 3079 dici
928 3021 999 3078 illa:
1035 3011 1092 3081 καὶ
1120 3023 1189 3093 ταῖς
1210 3025 1330 3102 ξυμφο-

318 3129 389 3207 ραῖς
420 3123 449 3188 οἱ
481 3119 575 3189 αὐτοὶ
607 3118 855 3207 εὕξυοειῶτερου
883 3115 927 3188 ἂν
960 3123 1198 3209 προσφέροιντο·
1243 3131 1329 3208 quod

319 3257 410 3315 qaam
434 3238 600 3300 molestum
622 3243 680 3312 sit,
708 3240 806 3300 facile
829 3241 987 3312 sentiunt,
1021 3243 1075 3316 qni
1102 3262 1162 3304 non
1186 3246 1330 3316 quemvis

319 3350 425 3408 locum
453 3351 637 3426 parenthesi
665 3351 742 3409 satis
769 3350 919 3409 idoneum
946 3355 1074 3426 putont3
1111 3352 1228 3411 deinde
1250 3371 1329 3412 vero

317 3460 412 3535 plane
445 3460 649 3519 intolerabile
683 3465 751 3537 est,
795 3461 881 3535 qnod
908 3466 981 3536 post
1009 3463 1212 3538 parenthesin
1242 3461 1329 3519 illam

319 3570 415 3627 etiam
437 3570 543 3644 repeti
567 3571 763 3646 cogitatione
785 3571 885 3631 debet
907 3558 1018 3641 οἵτινες
1040 3588 1224 3647 pronomen,
1243 3571 1328 3644 quod

319 3685 353 3737 et
374 3679 471 3750 longe
494 3685 649 3738 remotum
677 3687 727 3740 est
755 3688 790 3740 et
810 3682 864 3740 hie
884 3680 916 3740 in
939 3686 1073 3740 mentem
1096 3682 1206 3762 venire
1229 3661 1329 3740 nemi·

318 3775 352 3848 ιἰἰ
373 3794 481 3865 potest
502 3793 635 3864 propter
652 3794 819 3850 verborum
842 3790 1101 3860 collocationen13
1125 3794 1329 3864 nequeenim

333 3899 461 3972 ntelligi
495 3899 530 3956 id
568 3904 675 3974 potest
706 3901 767 3960 nisi
798 3907 870 3976 post
901 3916 1001 3960 voces
1035 3888 1090 3958 rho
1121 3916 1154 3958 re
1184 3888 1328 3982 πόλεμον.

320 4007 463 4071 Accedit
490 4010 602 4080 etiam,
633 4009 719 4084 quod
742 4010 965 4085 conjunctivus
985 3999 1145 4090 νομίσωσι
1166 4014 1329 4086 sepultum

319 4124 390 4194 quis
410 4121 494 4180 enim
518 4119 675 4178 credibile
697 4121 824 4196 putabit
846 4135 914 4180 eam
937 4122 1034 4195 ipsam
1057 4136 1169 4181 rocem
1187 4127 1329 4182 omissam

320 4245 405 4302 esse,
429 4250 448 4289 a
470 4247 533 4306 que
554 4229 582 4288 is
603 4228 744 4306 pendett
766 4247 847 4304 qnae
870 4230 1015 4303 qnoniam
1038 4237 1133 4292 antea
1157 4251 1227 4294 cum
1247 4234 1329 4294 indi·
