2992 4808
698 379 909 446 ..32-

301 557 407 614 antem
429 551 593 612 exercitus
613 565 686 628 pars
709 556 745 612 ut
772 567 834 611 nna
855 550 1072 628 appellatione
1103 546 1122 612 ὃ
1149 544 1213 614 α’πὸ
1239 547 1302 615 adn

301 657 383 724 νεῶν
400 649 491 735 πεζός
513 661 687 735 diceretur,
711 664 864 722 horinon
886 677 979 738 posse
1003 661 1103 722 visum
1125 669 1186 724 cst.
1229 662 1302 724 Scl-

302 775 384 834 licct
404 775 437 834 iu
459 773 521 831 hoc
543 772 645 848 posita
666 773 784 832 errnris
806 777 989 844 causaest,
1015 773 1098 845 quod
1126 792 1189 834 non
1212 789 1303 850 posse

303 884 400 944 ullam
422 882 586 942 cxercitna
614 885 734 956 piantem
761 872 826 942 ἀπὸ
853 874 934 940 νεῶν
962 881 1029 940 dlci
1050 884 1193 943 arbitrati
1220 889 1305 956 sunt,

289 995 363 1060 ¹nisi
386 1011 467 1068 qliae
494 993 627 1052 novibus
652 991 791 1053 advecta
817 993 906 1052 etin
933 995 1048 1050 terram
1078 995 1227 1070 expositu
1252 995 1305 1054 sit.

305 1103 401 1172 Quod
424 1107 533 1164 contra
554 1115 641 1170 mse,
673 1100 770 1160 facilc
793 1102 967 1172 constabit,
994 1101 1020 1158 sl
1043 1102 1113 1176 quis
1135 1103 1307 1178 diligenter

304 1213 394 1272 incus
416 1211 536 1271 similes
563 1213 805 1286 connparaverit.
847 1199 918 1270 Ἀπὸ
946 1204 1028 1270 νεῶν
1054 1213 1137 1272 eninr
1159 1213 1213 1272 vel
1236 1227 1306 1272 esse

304 1323 358 1382 vcl
379 1322 449 1380 lieri
472 1320 623 1379 dicuutur
644 1321 763 1392 omnia,
792 1338 872 1394 quae
894 1324 969 1380 sunt
994 1321 1048 1379 vel
1069 1324 1148 1382 ilnut
1169 1322 1200 1382 lu
1221 1325 1308 1381 terra

304 1433 400 1504 longe
422 1449 460 1489 uc
482 1431 649 1505 separatim
671 1434 711 1489 alt
733 1433 875 1490 novibus.
927 1428 1139 1497 Quamobrem
1160 1433 1307 1506 quoniam

305 1541 423 1602 hellnnr
445 1542 507 1600 hoe
528 1540 603 1598 loco
624 1543 871 1616 terminarique
892 1533 1129 1613 siruul'gestunn
1152 1548 1306 1614 narratur,

272 1711 276 1720 ,
304 1659 469 1726 postquam
498 1649 608 1709 classis
635 1668 671 1709 rc
707 1650 828 1708 insecta
857 1647 968 1709 Chium
998 1649 1111 1722 rediit,
1148 1651 1309 1725 pedestris

305 1777 431 1834 quoquc
452 1762 628 1833 exercitus,
651 1763 704 1834 qui
729 1778 788 1818 non
811 1761 842 1818 iu
867 1759 969 1818 classe
991 1759 1113 1832 fraenat,
1135 1760 1191 1818 scd
1215 1777 1308 1836 sepa-

304 1870 395 1928 ration
419 1873 459 1928 ali
481 1889 520 1928 en
535 1871 566 1930 ln
588 1877 674 1932 terra
696 1888 763 1929 rem
782 1874 935 1943 gesserat,
956 1869 1079 1928 redisse
1102 1869 1232 1940 dicitur,
1254 1872 1308 1945 qui

305 1979 452 2054 quonium
474 1981 588 2056 partini
611 1999 655 2040 ex
676 1982 744 2056 ipsa
767 1980 950 2040 continente
969 1983 1173 2052 convenerat,
1196 1983 1309 2056 partim

304 2067 349 2148 οὶ
363 2086 451 2149 Chin‘
467 2108 508 2149 eo
529 2090 696 2151 traductus
717 2095 798 2162 crat,
820 2090 943 2149 reditus
965 2091 996 2148 el
1013 2091 1127 2165 partim
1148 2091 1309 2149 terrestris

305 2201 419 2276 partim
442 2218 608 2276 perurere
632 2201 710 2271 iuit3
740 2199 797 2258 scd
820 2201 848 2258 is
869 2201 1025 2258 cunannuni
1046 2200 1203 2258 vocaliulo
1227 2200 1308 2258 ludi·

306 2316 411 2372 catur:
444 2301 650 2391 οἷπεπομῖσξοη
682 2299 777 2370 πάλιν
802 2297 889 2370 κατὰ
917 2297 1029 2380 πόλεις.
1079 2309 1176 2378 Quod
1204 2316 1309 2368 autem

306 2421 348 2480 de
370 2437 429 2480 usu
450 2421 622 2484 locutionis
643 2409 707 2480 ἀπὸ
728 2413 810 2479 vein
830 2419 915 2495 dixi,
937 2419 1034 2479 iluxit
1055 2420 1186 2495 primunr
1208 2423 1257 2504 alix
1270 2437 1310 2478 ea

305 2518 369 2590 οἷπό
392 2532 635 2605 praepositionis
655 2514 901 2606 significatione,
922 2547 985 2603 qua
1005 2545 1058 2588 res
1078 2532 1118 2588 ah
1135 2530 1236 2588 altera
1257 2545 1308 2588 re-

304 2645 390 2698 rnoto
410 2658 450 2699 oc
470 2645 616 2716 separata
635 2642 838 2714 intelligitur,
861 2639 966 2699 veluti
989 2640 1021 2698 lu
1042 2640 1092 2698 his
1106 2636 1310 2716 Thucydidis

305 2748 386 2808 lucis
408 2749 463 2808 lin.
487 2748 514 2822 l,
539 2769 608 2826 cap.
631 2748 661 2810 7.
688 2737 932 2810 attineamini
954 2736 1084 2824 (πόλεις)
1107 2738 1163 2808 διὰ
1185 2737 1241 2822 τὴν
1262 2751 1311 2828 λῃ-

305 2849 501 2918 στείαν-ἀπὸ
528 2849 704 2936 &chainone
731 2855 853 2941 μᾶλλον
881 2849 1084 2936 episimone.
1127 2860 1172 2921 iu.
1201 2875 1228 2922 c.
1259 2857 1310 2918 46.

305 2959 393 3040 πόλις
414 2970 517 3028 κεῖται
539 2961 604 3030 cinth
625 2961 811 3046 βαλάσσης.
834 2967 879 3047 ll,
903 2987 973 3044 cup.
996 2963 1049 3028 80.
1072 2957 1247 3028 ἀδυνάτων
1258 2953 1310 3028 iiv-

305 3101 369 3140 πων
389 3080 584 3158 §custodierint
604 3074 668 3140 τῶν
680 3071 745 3141 dai
758 3067 933 3153 βαλοῖσσης
946 3067 1162 3157 Ἀκαρνοίνωνζ
1183 3079 1225 3140 ilo.
1241 3096 1311 3154 capr..

306 3187 359 3254 83.
373 3185 403 3249 οἱ
415 3179 480 3248 aiud
495 3178 670 3264 ἓαλοῖσοης
686 3175 967 3267 ἅνωἈκαρνᾶνες.
989 3187 1018 3261 l,
1041 3207 1069 3250 c.
1083 3186 1137 3255 99.
1150 3177 1248 3267 ἵναμὴ
1257 3179 1309 3248 ἀπ’

305 3287 395 3361 οἷ’κου
418 3284 489 3360 οἶσι.
533 3297 595 3372 Vl,
618 3317 646 3359 c.
670 3297 722 3365 63.
766 3291 847 3360 πολὺ
869 3288 933 3360 ἀπὸ
954 3293 1048 3377 σφῶν
1068 3291 1246 3377 ἐφαίνοντο.
1268 3301 1311 3358 lli.

307 3428 333 3472 c.
358 3407 410 3471 di.
445 3399 638 3482 αὐλίζεσξοαι
663 3399 727 3470 ἀπὸ
754 3403 817 3470 coin
835 3397 945 3468 ,ὅπλων
971 3404 1005 3468 e'n
1032 3404 1069 3490 τῇ
1095 3398 1189 3470 πόλει.
1240 3408 1312 3477 Quo

307 3521 456 3594 exempto
477 3519 626 3580 Eubulus
649 3521 732 3580 dixit
751 3539 802 3595 ap.
824 3517 941 3582 Athen.
957 3518 1019 3583 111.
1042 3540 1072 3596 p.
1088 3516 1155 3582 108.
1164 3523 1194 3581 tr.
1214 3511 1313 3594 πηδᾷ,

305 3617 446 3705 χορεύει,
466 3614 632 3706 indicendo
653 3621 717 3690 ἀπὸ
739 3623 853 3709 ζυγοῦ·
874 3632 919 3690 ita
941 3633 1025 3690 eninr
1041 3630 1242 3689 scribendum
1264 3633 1314 3688 est

306 3754 366 3813 pro
387 3729 449 3796 ὑπὸ
467 3733 585 3818 ζυγοῦ,
614 3759 672 3816 pru
702 3758 766 3814 uuo
790 3741 871 3800 male
894 3739 1187 3812 Schweighaeuser
1213 3738 1313 3797 corri-

306 3851 405 3921 gebat
425 3837 487 3906 ὑπὸ
510 3841 609 3929 ζυγῳ.
653 3851 699 3910 ita
720 3851 802 3909 eninr
826 3852 921 3910 etiam
942 3847 1058 3925 Eurip.
1081 3847 1186 3908 Onesi.
1208 3865 1238 3912 v.
1262 3846 1314 3908 45.

306 3952 394 4034 πηδᾷ
415 3956 567 4038 δρομαῖος
587 3953 688 4029 πῶλος
709 3941 752 4028 <ic
773 3951 837 4020 ἀπὸ
859 3952 972 4040 ζυγοῦ.
1009 3956 1119 4018 Τοοεο
1143 3959 1229 4033 quud
1250 3951 1314 4018 ἀπο

208 4099 214 4115 ·
307 4068 420 4128 eodem
444 4068 538 4129 niodo
559 4080 656 4144 sucpe
685 4069 805 4128 dicitur
828 4069 998 4139 translate,
1025 4074 1061 4128 ut
1082 4068 1137 4132 liti.
1160 4067 1187 4139 1,
1210 4088 1239 4138 ο,
1261 4065 1314 4130 76.

307 4165 371 4238 ἀπὸ
402 4172 460 4238 ποῦ
478 4172 684 4258 ἀνθρωπείου
706 4167 831 4256 τρόπου.
869 4180 1011 4250 itemque
1031 4177 1116 4255 apud
1143 4180 1224 4241 alios
1251 4172 1315 4240 ἀπο

306 4275 433 4347 σκόπου
455 4298 490 4352 et
513 4307 595 4366 qliae
618 4294 692 4350 suut
712 4289 838 4348 similia.
860 4287 928 4348 Sed
952 4290 1086 4380 maxine
1108 4290 1143 4349 id
1165 4290 1314 4368 frequen·
