3010 4812
693 394 903 462 „44-

297 562 359 628 τῶν
385 569 442 628 lib.
464 564 560 646 VIII,
584 586 655 645 cap.
677 564 731 629 63.
781 567 921 630 Scilicet
940 567 1022 628 haec
1044 571 1095 628 est
1116 567 1210 646 hujus
1231 567 1296 630 lor·
1333 563 1335 566 ’

297 681 401 741 molae
427 681 460 740 in
475 681 633 740 *omnibus
653 680 738 740 locis
758 681 826 752 vis,
862 684 897 738 nt
919 679 1005 752 quod
1028 678 1135 754 plnres
1156 679 1299 739 homines

297 789 356 850 soll
376 791 464 848 inter
484 805 520 848 se
542 794 576 848 et
598 791 630 848 in
651 791 757 848 vicem
779 790 902 849 faciunt
922 789 1134 864 significetur,
1157 789 1190 846 id
1212 789 1298 862 qnod

297 899 385 960 nullo
406 899 502 959 modo
524 900 611 959 cadit
631 902 663 957 in
687 897 902 976 Corcyraeos,
932 899 1060 974 quossi
1082 903 1223 958 narraret
1243 899 1298 957 hic

297 1003 531 1088 Thucydides,
567 1016 602 1071 nt
628 1010 726 1084 paulo
751 1013 826 1069 ante
854 988 1022 1080 narravit,
1048 1025 1191 1084 pugnare
1212 1008 1300 1083 ipsos

297 1122 382 1180 inter
400 1137 452 1197 se,
484 1127 540 1180 ant
561 1121 647 1195 ipsos
668 1121 730 1178 sibi
752 1123 838 1178 inter
859 1135 894 1180 se
917 1119 1144 1194 impedimento
1166 1135 1204 1175 ac
1226 1134 1298 1194 per-

296 1232 469 1291 turbationi
490 1245 573 1301 esse,
595 1232 705 1304 posset
727 1245 802 1290 sane
825 1217 1026 1298 καθἀὑτούς
1039 1230 1093 1288 vel
1107 1217 1195 1288 κατὰ
1212 1222 1329 1305 σφοῖςῐ,
1443 1285 1452 1298 ,

296 1329 417 1410 αὐτούς
445 1339 521 1399 dici.
566 1337 661 1399 Nunc
690 1353 768 1398 vero
795 1357 857 1398 non
887 1339 949 1397 Inoo
976 1343 1097 1422 narrat,
1132 1340 1192 1399 sed
1218 1340 1299 1399 illud

296 1453 412 1526 potina,
436 1449 581 1535 coepisse
604 1449 749 1512 laborare
771 1445 971 1524 Corcyraeos
992 1465 1032 1506 nc
1053 1453 1154 1522 premi
1179 1454 1220 1508 alr
1241 1452 1298 1510 Iro-

294 1562 395 1618 stibns
416 1565 587 1633 propterea
608 1560 693 1636 quod
715 1559 797 1617 nrale
820 1559 976 1634 impetum
995 1558 1142 1617 facerent
1166 1565 1200 1618 et
1221 1579 1299 1635 pau·
1382 1529 1390 1542 ἡ

297 1670 344 1726 cis
364 1683 492 1744 semper
506 1672 650 1740 navibus,
673 1674 709 1728 nt
723 1687 869 1744 quaeque
885 1669 1086 1738 adveniebat,
1109 1686 1179 1728 non·
1192 1675 1300 1729 antem

295 1756 439 1838 cornibus
467 1781 659 1856 conjunctis.
704 1779 917 1848 Quernobrem
942 1778 1150 1853 relinquenda
1173 1785 1221 1839 est
1241 1780 1300 1841 illa

295 1889 432 1949 Amoldi
464 1890 659 1964 explicatio,
691 1908 772 1964 qrrae
800 1907 905 1964 neque
935 1888 1093 1964 exemplis
1114 1890 1191 1949 satis
1213 1907 1299 1949 com·

296 2003 448 2074 probator
469 2018 572 2075 neque
596 2001 671 2059 huic
694 2000 767 2059 loco
789 2007 864 2076 apto
887 2004 945 2058 est.
982 1995 1198 2058 Redeondum
1220 2015 1297 2058 vero

183 2111 193 2140 x
295 2111 425 2168 videtur
447 2127 517 2168 esse
539 2109 579 2166 ad
601 2111 755 2171 rationem
777 2111 948 2186 Stephani,
978 2115 1012 2170 nt
1034 2099 1298 2186 interpretem'arr

296 2223 332 2280 in
354 2236 421 2279 sno
444 2233 581 2292 cornu,
604 2221 640 2278 in
662 2237 729 2280 sun
750 2224 868 2297 prante
892 2221 1139 2290 laborabant3
1162 2207 1298 2294 inquam

295 2331 484 2389 senientiam
521 2331 551 2388 ni
588 2330 684 2390 fallor
722 2331 878 2417 dirempta
909 2347 990 2387 voce
1025 2321 1299 2408 ἐταλαιπωροῦντο

296 2441 394 2500 scribi
415 2445 547 2514 oportet
566 2441 629 2500 sic:
652 2429 889 2518 ἐταλαιπώρουν
911 2427 1035 2508 τὸκαξν’
1055 2429 1184 2509 αὐτούς.
1218 2435 1296 2499 Nam

224 2539 228 2550 ’
299 2557 333 2610 nt
367 2548 453 2622 qnod
484 2548 588 2606 levius
620 2555 670 2608 est
704 2552 915 2627 praecipiam,
959 2549 1168 2625 ταλαιπωρεῖν
1203 2551 1297 2610 etiam

296 2661 404 2718 activa
428 2657 528 2717 forma
551 2659 633 2734 apnd
659 2657 885 2736 Thucydidem
908 2659 1039 2733 dicitnr,
1063 2658 1165 2717 velati
1187 2656 1297 2729 Lina,

298 2786 367 2843 cap.
391 2764 441 2828 99.Ι
465 2785 534 2845 cap.
559 2766 628 2832 134.
659 2771 716 2830 lio.
738 2768 795 2841 II,¹
812 2787 880 2844 cap.
908 2766 976 2831 101.
1006 2765 1056 2838 V,
1080 2787 1149 2844 cap.
1172 2766 1221 2830 67.
1244 2764 1305 2837 73,
1496 2829 1497 2848 ρ

297 2875 348 2937 74.
371 2876 450 2946 VII,
474 2897 542 2954 cap.
568 2877 617 2942 16.
639 2877 690 2942 ai.
714 2875 810 2950 VIII,
834 2897 905 2955 cap.
928 2874 979 2938 63.
1003 2882 1086 2937 extr.
1131 2875 1182 2940 Cf.
1197 2871 1298 2937 ε’πιτα·

293 2987 462 3065 λαιντωρεῒν
497 2989 552 3048 lio.
579 2987 612 3060 I,
641 3009 711 3065 cap.
741 2985 812 3049 123.
839 2986 1130 3066 προσταλαιπωρεῖν
1161 2989 1219 3049 Ill).
1250 2987 1297 3062 II,
1387 2960 1389 2968 y

297 3117 367 3172 cap.
390 3094 440 3160 63.
464 3098 505 3156 de
526 3099 651 3174 passiva
673 3093 739 3160 vi'd.
764 3097 826 3171 III,
850 3116 918 3174 cap.
942 3093 971 3162 3.
993 3098 1056 3176 IV,
1080 3117 1150 3176 cap.
1172 3097 1222 3162 27.
1246 3097 1297 3164 35.

294 3204 373 3282 VII,
397 3227 465 3284 cap.
480 3204 530 3269 ⁶28.
552 3204 604 3269 82.
627 3207 724 3282 VIII,
745 3227 817 3296 cap.
837 3205 887 3267 da.
910 3209 1024 3282 quibus
1037 3210 1195 3286 exemplis
1211 3229 1297 3270 com·

294 3322 415 3394 paratio
441 3319 525 3378 hand
548 3320 644 3379 icelle
668 3321 806 3388 dixeriS,
842 3326 911 3379 ntra
932 3319 1008 3378 hoio
1030 3318 1104 3378 Ioco
1135 3319 1236 3378 forma
1262 3338 1296 3377 a·

293 3430 379 3503 ptior
399 3431 449 3490 sil.
488 3427 524 3489 In
547 3431 658 3489 eadem
682 3437 785 3490 inmen
807 3448 842 3489 re
866 3429 949 3488 dixit
969 3427 1103 3490 Pansan.
1118 3425 1178 3500 IV,
1195 3423 1228 3502 8,
1245 3423 1296 3490 10.

295 3526 331 3594 τὸ
361 3527 396 3597 δὲ
422 3526 527 3616 ἕτερον
554 3532 654 3618 κέρας
675 3541 738 3610 τοῖς
758 3528 950 3613 Μεσσηνίοις
970 3525 1185 3615 ἐταλαιπώρει.
1228 3535 1296 3596 sed

294 3635 329 3706 τὸ
350 3641 428 3717 aa&
452 3639 573 3720 αὐτοὺς
595 3653 679 3726 qnod
695 3653 811 3721 scribo,
834 3654 876 3710 oli
895 3654 1089 3710 constantem
1107 3647 1192 3707 secio
1204 3645 1293 3705 Thn-

294 3757 422 3834 cydidis
444 3777 542 3820 nsum.
586 3759 633 3824 Ut
654 3763 755 3832 enim,
787 3761 840 3819 ulii
862 3761 1017 3821 articulos
1038 3756 1144 3819 nullos
1164 3757 1295 3819 accedit

293 3873 369 3928 arcte
390 3860 468 3938 aa&
490 3859 622 3948 αὐτούς,
645 3891 704 3933 nna
727 3873 918 3946 significatio
941 3891 979 3930 ea
1002 3875 1062 3940 est,
1085 3884 1177 3942 qnam
1198 3883 1294 3954 snpra

291 3982 438 4054 exposui,
461 3982 506 4039 ita
527 3984 707 4042 accedente
730 3981 866 4042 articulo
890 3999 951 4040 una
970 3993 1078 4038 rursus
1100 3977 1292 4051 significatio

293 4092 358 4164 est,
389 4097 424 4151 nl
449 4092 484 4150 id
506 4092 589 4168 qaod
621 4111 746 4170 prope
776 4091 952 4166 aliquem
982 4089 1038 4148 vel
1061 4091 1098 4148 in
1118 4087 1293 4184 alicujus

292 4203 403 4274 parte
437 4207 488 4264 eat
520 4203 731 4280 intelllgatnr.
784 4201 836 4268 Ac
863 4201 905 4262 de
936 4200 1008 4262 acie
1036 4195 1164 4276 quidem
1196 4217 1290 4278 qnam
