3012 4796
665 331 954 428 .*··⁷⁴··'

323 499 381 570 teni
403 493 487 565 dita
499 497 607 581 κήτεα.
632 504 767 580 Legitur
788 507 875 582 apud
896 494 1030 566 eundem
1048 506 1090 564 de
1108 503 1330 584 venanxlv,

204 687 211 700 ρ
315 619 355 693 ¹5.
387 606 462 685 rode
489 601 616 693 ‹⁹31›va
644 604 730 676 icccc
752 603 789 675 ai
809 604 1016 676 ἀπολλύουσι.
1045 615 1085 674 ad
1107 633 1202 690 qncm
1223 617 1329 676 iocum

325 728 485 802 Saupptus
511 744 735 814 nuperlqnam
759 736 854 787 cante
878 728 1016 798 dixerit,
1050 728 1329 804 huncquoque

324 839 432 899 lncmn
457 855 506 895 me
524 837 646 900 ,erroris
669 839 862 896 convincere
885 853 990 912 posse,
1013 836 1133 894 viderit
1153 838 1237 912 ipse3
1259 855 1330 896 nam

326 965 405 1022 quius
427 947 545 1005 deinde
568 949 659 1006 affert
681 946 761 1006 ultas
783 948 872 1006 locos
895 948 984 1017 duos,
1008 949 1085 1006 item
1107 949 1234 1006 Arriani
1256 955 1331 1006 sunt

324 1076 368 1116 ex
398 1055 503 1116 Anat).
527 1053 594 1124 IV,
625 1059 655 1126 i,
680 1055 708 1114 4.
731 1064 766 1114 et
787 1055 849 1132 Vi,
876 1056 925 1129 11,
948 1055 977 1118 8.
1022 1057 1118 1125 Quod
1141 1064 1243 1118 autem
1265 1059 1330 1116 ait:

326 1185 453 1244 „neque
476 1165 622 1242 profecto
645 1167 720 1224 ideo
748 1168 780 1225 in
802 1169 1014 1242 suspicionem
1037 1168 1220 1227 vocaverim
1240 1167 1331 1226 loeus

325 1276 580 1351 Xenophonteos
603 1280 707 1339 Anah.
728 1273 795 1348 Vl,
816 1273 854 1346 2,
877 1273 905 1336 6.
929 1276 1048 1354 Cyrop.
1072 1276 1122 1350 ΙΙ,
1145 1273 1176 1350 3,
1202 1273 1274 1338 18.“
1296 1275 1330 1334 id

325 1389 418 1465 piane
449 1384 544 1444 futile
571 1391 637 1456 est,
678 1391 767 1458 quasi
797 1402 875 1470 veru
905 1389 947 1446 sit
974 1389 1035 1445 hoc
1063 1389 1096 1446 in
1117 1388 1330 1461 suspicionem

325 1513 440 1557 vocare
467 1495 575 1566 lucae,
611 1497 638 1552 si
667 1514 775 1556 eorum
803 1511 910 1554 veram
939 1499 1144 1572 scripturam,
1183 1497 1330 1554 codicum

324 1623 395 1666 mss.
432 1580 628 1664 aucteritate
662 1609 896 1681 comprobatam
926 1606 1079 1666 defendas
1106 1625 1145 1664 ac
1171 1607 1329 1666 restituas.

325 1716 473 1790 Denique
496 1734 536 1774 ne
559 1716 635 1790 quid
658 1717 787 1776 silentio
809 1718 1035 1788 transmittam,
1063 1717 1148 1776 idem
1169 1715 1330 1791 Saupnins

201 1847 205 1862 ⁸
315 1830 457 1908 ¹uuctnre
479 1825 699 1886 Bornemanno
730 1831 841 1886 contra
872 1845 921 1885 me
950 1829 1085 1886 exitavit
1110 1828 1215 1886 locum
1246 1825 1327 1884 Piat.

322 1934 429 2009 Legg.
456 1955 486 2010 p.
516 1933 588 1996 753.
618 1957 644 1998 e.
673 1924 784 2006 οἵτινες
812 1927 848 1996 δὲ
874 1923 936 1995 εἷεν
964 1921 1007 1994 ἂν
1033 1924 1108 2014 πρὸς
1129 1930 1244 1996 πασῶν
1262 1925 1329 1994 ’τῶν

314 2038 440 2122 ,ἀρχῶν
468 2035 642 2126 γεγονότες
663 2038 727 2105 οὐκ
748 2036 824 2106 ἔστι·
855 2050 909 2122 qni
933 2046 1025 2106 iocus
1046 2064 1159 2118 magno
1181 2048 1255 2106 mihi
1278 2063 1327 2102 ar·

325 2162 477 2230 gumento
507 2166 573 2228 est,
608 2165 683 2232 apte
705 2158 831 2231 quidem
855 2157 1018 2233 exempla,
1051 2160 1164 2232 quibus
1185 2157 1327 2242 refellet,

313 2287 388 2336 vnon
416 2269 569 2341 reperiri3
602 2269 633 2324 in
666 2270 726 2325 hnc
756 2269 838 2324 enim
863 2267 1074 2342 comparando
1096 2281 1187 2340 qutun
1210 2267 1327 2326 frustra

323 2377 374 2434 iili
402 2379 481 2446 sint,
517 2379 673 2435 neminem
702 2376 816 2450 fugere
845 2383 967 2452 potest,
1004 2379 1058 2450 qui
1086 2393 1147 2436 non
1169 2377 1245 2436 satis
1266 2376 1326 2433 sibi

323 2489 438 2544 acutus
474 2485 618 2556 videtur,
672 2503 768 2561 quum
811 2487 952 2561 speciem
998 2487 1133 2560 utiquam
1179 2485 1324 2546 sintiiitu-

324 2597 407 2652 dinis
429 2594 657 2668 deprehendit,
688 2595 747 2652 sed
769 2597 823 2669 qni
844 2595 1004 2670 aliquantu
1025 2597 1206 2657 accuratius
1226 2598 1324 2672 ipsam

324 2705 390 2762 toci
412 2704 566 2780 cujusque
593 2711 629 2763 et
652 2721 724 2764 nsus
746 2707 899 2765 rationem
922 2723 1092 2781 veramque
1114 2713 1253 2766 naturam
1275 2706 1324 2764 in·

313 2816 430 2888 nagan
485 2814 636 2874 Ceterum
669 2819 768 2874 verbu
801 2833 930 2875 monere
956 2818 1033 2875 satis
1060 2822 1125 2888 est,
1164 2836 1227 2876 non
1254 2831 1324 2875 esse

322 2925 410 2983 itiam
431 2901 626 2984 arbitrariam
649 2926 805 3000 quandam
827 2930 1015 3000 optimorum
1037 2929 1227 3004 scriptorum
1246 2943 1322 2986 con·

321 3035 522 3094 suetudinem
544 3040 579 3094 et
599 3037 722 3096 ratione
745 3041 921 3104 carentem,
951 3036 1036 3110 quod
1059 3053 1152 3111 quum
1176 3040 1324 3098 dicerent

305 3145 509 3220 „frequenter
535 3133 621 3204 iectu
642 3129 702 3223 ὧν,
728 3133 815 3206 ἔστιν
835 3133 898 3222 οἷς,
924 3131 1010 3225 ἴσην
1031 3134 1106 3226 οὕς,
1134 3153 1323 3210 nontamen

322 3257 535 3342 permiserunt
564 3257 626 3316 sini
658 3243 746 3315 ἔστιν
773 3244 809 3316 οῗ
832 3259 885 3316 vet
912 3243 997 3315 ἔστιν
1022 3245 1065 3316 αἴ
1086 3261 1209 3320 dicere.
1259 3255 1321 3318 um

323 3365 407 3424 enim
440 3366 634 3426 nominativo
673 3384 747 3426 casu
782 3367 913 3443 ponitur
940 3385 1111 3443 pronomen
1140 3368 1321 3438 relativum,

322 3475 526 3548 grammatica
554 3477 637 3536 ratio
662 3477 744 3539 haec
770 3483 831 3549 est,
860 3483 896 3538 nt
918 3481 988 3537 tnta
1009 3479 1144 3540 relative
1163 3477 1322 3538 sententia

322 3585 365 3642 sit
390 3583 484 3644 latior
515 3588 669 3661 quaedam
696 3586 833 3663 subjecti
856 3589 926 3666 ejus
947 3589 1133 3665 descriptio,
1154 3586 1238 3662 quod
1258 3602 1322 3646 nnn

324 3691 463 3754 defuisse
489 3696 702 3771 significatum
729 3698 771 3756 ad
798 3699 885 3772 quod
911 3700 1057 3772 quoniam
1078 3701 1209 3757 verbum
1229 3713 1320 3756 suum

322 3805 553 3864 accommodari
575 3806 684 3884 debet,
706 3807 850 3870 efficitur
871 3813 907 3868 ut
927 3798 1009 3896 sicin
1029 3807 1082 3867 vei
1098 3789 1186 3881 ἦσαν
1207 3806 1319 3866 diceu-

323 3911 396 3970 dum
417 3915 468 3972 sit.
511 3917 556 3976 At
577 3920 630 3976 uni
653 3934 744 3980 casus
765 3919 912 3994 obliquus
934 3918 1078 3994 ponitur,
1110 3916 1192 3977 haec
1212 3919 1319 3995 potius

210 4077 213 4082 .
322 4026 498 4084 sententiae
519 4028 568 4085 vis
589 4035 654 4098 est,
690 4035 725 4089 ut
745 4030 834 4090 alind
854 4027 974 4105 aliquid
1000 4041 1071 4088 esse
1092 4027 1146 4088 vel
1167 4028 1237 4088 iteri
1258 4025 1316 4086 de·

322 4129 462 4194 claretur
482 4139 579 4196 verbo
601 4140 705 4213 finita3
737 4141 769 4202 in
792 4139 854 4218 quo
875 4138 1021 4216 quoniam
1041 4156 1100 4202 una
1123 4142 1243 4200 tautum
1264 4151 1317 4197 res
