3012 4796
568 325 784 394 -91-

179 497 377 559 Benedictus
406 490 438 559 ud
461 490 523 558 καί
547 498 694 574 ponenda
717 502 852 558 censent
873 503 946 558 unte
967 492 1184 579 ξυμμαχίδος,

179 609 266 684 quod
281 608 512 670 Bioonitteldus
535 624 592 684 pro
613 596 646 666 ri
666 597 728 666 καί
746 607 947 666 scribendum
964 611 1105 685 conjecit
1119 605 1182 688 τῆς,

177 718 252 794 lpse
274 736 351 779 vero
374 718 486 793 Poppo
508 718 681 777 violentius
702 719 797 777 etiam
820 723 875 778 aut
896 719 1000 777 omniu
1014 719 1093 776 haec
1108 722 1183 798 ξυμ-

177 819 320 907 μαχίδος
341 850 374 889 τε
395 816 453 886 καὶ
473 821 536 906 γῆς
564 804 704 886 delenda
724 827 836 886 statuit
865 833 1018 900 tamquam
1044 835 1117 886 natu
1139 848 1182 889 ex

181 939 287 1014 aiiquo
308 938 444 1007 scholio,
474 943 530 997 aut
543 943 611 998 ΓΗΣ
635 943 736 1010 eduin
759 951 829 996 esse
852 956 893 996 ex
907 939 999 996 ΙΔΙΑΣ
1014 956 1074 1014 per
1095 955 1180 998 eoni-

176 1051 328 1124 pendium
350 1050 487 1125 seript03
510 1049 543 1135 in
566 1067 628 1123 qua
651 1049 837 1124 conjectura
854 1048 939 1105 scire
957 1048 1064 1120 veliin,
1087 1049 1182 1122 quale

175 1161 235 1219 sibi
257 1158 372 1235 Poppo
395 1158 617 1234 compendium
638 1159 730 1217 vocis
745 1146 830 1226 ἰδίας
843 1161 899 1216 aut
912 1160 1038 1218 noverit
1052 1166 1107 1218 aut
1122 1161 1178 1216 tin·

174 1271 292 1340 xerit,
310 1270 351 1327 de
382 1287 445 1344 qno
472 1270 556 1328 haud
583 1269 681 1328 facite
709 1285 894 1344 quemquam
921 1269 1051 1328 habebit
1071 1285 1178 1328 assen-

173 1381 320 1456 tientem,
343 1381 396 1454 qui
421 1379 520 1439 libros
542 1394 610 1440 mss.
626 1377 823 1438 tractaverit.
860 1375 1010 1437 Ceterum
1027 1379 1180 1438 faciliirnu

174 1494 223 1546 est
244 1490 434 1550 emendandi
455 1490 552 1560 ratior
580 1486 781 1548 scribendum
804 1488 888 1544 eninr
912 1495 962 1546 est
989 1480 1179 1568 ξυμμαχίας

172 1619 204 1655 rc
225 1589 283 1658 καὶ
303 1594 376 1680 γῆς,
398 1618 479 1675 quae
501 1607 536 1660 et
557 1600 689 1658 nrntatio
711 1597 873 1655 lenissima
894 1603 998 1658 estet
1019 1602 1179 1660 sententia

173 1711 341 1783 erotissima.
392 1710 443 1771 lte
471 1711 553 1771 eninr
581 1709 745 1784 disputant
771 1705 880 1778 Meiii,
912 1711 1026 1768 merito
1053 1727 1088 1768 se
1114 1728 1178 1769 rna·

173 1837 263 1892 gnam
285 1820 431 1878 tidneiarn
455 1836 574 1894 ponere
596 1821 627 1877 in
649 1819 792 1891 cognatis
813 1818 878 1875 suis
899 1815 1178 1910 Lacedaemoniis?

171 2054 247 2096 suae
275 2037 470 2098 defensionis
497 2055 592 2098 causa
621 2039 773 2115 trajicere
807 2053 911 2110 neque
944 2038 1024 2095 aiios
1051 2039 1176 2098 mittere

172 2150 306 2224 possint,
327 2149 408 2208 iitud
423 2154 526 2208 tamen
538 2152 707 2208 effecturos
723 2163 806 2218 esse,
828 2153 865 2205 ut
876 2145 1088 2206 Athenienses
1100 2164 1176 2206 suae

172 2261 281 2332 potius
291 2265 394 2317 terrae
408 2261 632 2334 veteribusque
643 2259 739 2338 sociis
750 2258 882 2316 tinieant
893 2274 983 2332 quarn
995 2263 1030 2316 ut
1039 2258 1176 2317 denovis

171 2369 267 2426 terris
293 2373 445 2443 novisque
472 2371 569 2428 sociis
597 2367 800 2443 acquirendis
828 2368 987 2441 cogitent3
1017 2354 1172 2443 rooirroror’

171 2462 214 2537 oio
236 2465 294 2536 καὶ
313 2472 346 2546 ἐς
367 2469 423 2554 τὴν
444 2473 508 2560 γῆν
528 2471 621 2559 ὑμῶν
642 2467 700 2536 καὶ
719 2467 768 2536 ἐπὶ
780 2465 854 2546 τοὺς
869 2466 995 2546 λοιποὺς
1016 2470 1079 2535 τῶν
1099 2478 1173 2556 ξυμ·

170 2576 306 2667 innixos,
327 2575 425 2658 guone
445 2581 488 2669 μὴ
509 2581 670 2668 Βρασίδας
690 2581 813 2662 ἐπῆλθε.
857 2589 938 2646 haec
965 2589 1065 2662 igitur
1089 2593 1175 2646 terra

172 2705 205 2758 et
230 2700 368 2759 societas
399 2691 573 2777 οἰκειοτέρα
597 2706 646 2758 est
673 2715 764 2774 quani
790 2699 847 2755 iiia
873 2686 916 2777 μὴ
950 2686 1175 2775 προσήκουσα,

171 2828 262 2884 quarn
284 2829 345 2871 non
362 2809 427 2886 jani
449 2810 569 2869 hubent
589 2809 647 2870 sed
663 2824 823 2882 occupare
845 2808 991 2878 student3
1015 2808 1057 2869 cs.
1080 2827 1107 2869 c.
1123 2807 1173 2870 96.

170 2922 225 2981 liu.
249 2919 310 2990 vt,
331 2937 359 2988 c.
384 2912 413 2977 9.
755 2951 759 2968 .

253 3022 362 3094 lime
383 3022 439 3119 v)
461 3038 569 3110 Galle
590 3024 683 3093 ΙΙΙ·
734 3019 922 3106 ἒνβυμεῖςβε
947 3015 1098 3097 πολλάκις
1126 3015 1172 3085 ὅτι

169 3131 238 3221 περὶ
262 3129 411 3216 πατρίδος
439 3130 651 3217 βουλεύεσθε,
680 3122 722 3213 ἢν
751 3129 830 3218 μιᾶς
854 3131 923 3216 πέρι
950 3128 1008 3197 καὶ
1034 3131 1066 3207 ἐς
1093 3128 1172 3216 μίαν

169 3240 286 3328 βουλὴν
308 3237 478 3323 τυχοῧσοῖυ
500 3271 532 3308 rs
553 3239 611 3312 acori
632 3239 674 3329 μὴ
689 3233 1070 3327 κατορῡῶσασανὲσται.
1082 3245 1174 3330 χχΤοῒ

170 3370 243 3423 sunt
273 3365 307 3420 et
337 3365 399 3418 tum
429 3361 535 3418 variae
566 3360 607 3418 de
635 3333 699 3420 hoc
727 3362 800 3421 loco
832 3363 971 3417 virorum
1005 3358 1172 3415 doctoratu

171 3473 387 3548 conjecturae,
410 3473 446 3528 ut
460 3487 560 3544 paene
582 3471 783 3530 temerarium
799 3485 869 3528 esse
891 3468 1038 3526 videatur
1052 3466 1171 3525 addere

89 3611 99 3626 =
169 3583 279 3654 aliam,
311 3599 391 3656 quiae
423 3559 492 3639 non¹
516 3579 684 3640 admodum
714 3580 862 3655 speciosa
888 3579 945 3648 sit;
977 3596 1080 3652 neque
1108 3596 1170 3652 ego

169 3693 305 3752 auertite
327 3691 485 3760 delector,
508 3696 543 3748 ut
565 3707 635 3748 cunr
657 3709 748 3750 unuin
770 3664 877 3748 verani
893 3704 963 3747 esse
981 3690 1170 3747 existiment.

170 3801 238 3862 Sed
258 3807 361 3862 tamen
384 3800 528 3875 quoniam
551 3817 633 3859 nova
654 3802 785 3874 quadarn
808 3801 930 3857 ratione
946 3797 1169 3857 difficultatem

169 3911 286 3992 toliere
314 3915 445 3972 conatus
466 3927 551 3988 suni,¹
581 3910 608 3968 si
630 3911 700 3986 ipse
723 3929 784 3972 non
807 3909 914 3967 inveni
937 3908 1021 3981 qnod
1044 3909 1169 3982 quaeri-

167 4031 232 4093 tar,
254 4021 324 4079 fleri
345 4028 450 4082 tamen
472 4020 594 4097 poterit
614 4026 650 4079 nt
672 4020 753 4080 alius
773 4020 851 4078 nucis
866 4020 1011 4088 vestigiis
1025 4019 1172 4082 insistens

167 4131 298 4193 felicior
324 4134 374 4192 sit.
418 4129 494 4210 Ego
522 4132 604 4190 enini
632 4133 762 4192 verboru
785 4131 913 4206 aliquod
937 4129 1171 4201 deessemus,

933 4237 978 4301 7*
