3010 4812
318 357 416 424 11⁴

316 536 599 612 permaneam
623 537 736 608 quilius
760 552 886 610 operam
911 553 1010 594 meam
1034 537 1154 595 versari
1170 537 1235 614 jorn
1259 539 1317 600 rlo·

241 691 244 702 1
316 655 390 714 rlunr
413 655 542 730 publice
562 654 724 730 professos
738 670 815 712 soor.
861 652 952 720 (luae
972 633 1053 712 eninr
1069 655 1110 712 ele
1131 656 1320 718 militaribus

315 775 525 848 scriptoribus
547 773 681 832 edendis
701 775 840 845 artisque
863 773 1007 854 militaris
1028 775 1157 832 historia
1179 776 1318 851 itemque

314 910 395 966 qnae
418 893 458 950 rie
480 891 661 966 quaerenda
682 898 832 949 accurata
855 891 1001 965 quadrur'
1015 910 1054 950 ac
1077 893 1223 967 perfecta
1243 895 1318 956 lati·

313 1031 373 1072 nae
398 1009 629 1070 Grammaticae
657 1009 758 1068 forma
786 1013 998 1083 agitaveram,
1024 1029 1063 1069 ca
1085 1015 1134 1070 tot
1161 1017 1318 1088 tantisque

313 1131 556 1190 difficultatibus
577 1129 671 1203 plena
693 1133 776 1199 sunt,
799 1137 834 1188 ut
856 1129 938 1187 larrrl
964 1131 1082 1204 exigua
1106 1132 1144 1189 iis
1166 1134 1317 1193 lurnranae

312 1253 399 1310 vitae
422 1264 494 1324 pars
516 1247 655 1324 inipeorli
679 1247 807 1309 delicat.
852 1247 1063 1318 Quarnolrreru
1091 1269 1175 1331 punc
1197 1253 1319 1314 leviora

312 1369 464 1430 nonnulla
486 1375 520 1427 et
540 1359 585 1425 air'
604 1366 668 1425 illis
689 1355 851 1442 disjuncta
874 1359 1042 1441 proferam,
1066 1358 1196 1442 qnorum
1220 1375 1317 1433 erlen-

312 1489 422 1549 clorum
449 1505 554 1561 oeque
589 1487 715 1561 captavi
749 1488 1016 1560 opportunitatem
1052 1507 1155 1562 neque
1184 1493 1318 1552 moleste

311 1608 381 1665 iero
410 1606 642 1665 necessitatem.
693 1602 771 1664 Nam
802 1611 901 1662 loturo
930 1606 991 1664 hoc
1018 1607 1178 1665 scrilreorli
1208 1627 1317 1682 genus,

310 1707 397 1800 qnorl'
425 1718 470 1784 irr'
486 1714 692 1784 er'nen'rlonrlis
715 1722 979 1798 explicandisque
1001 1725 1098 1782 variis
1119 1719 1316 1801 antiquorum

309 1826 500 1920 scriptorum
522 1845 605 1903 locis
622 1845 776 1906 versatur,
800 1840 983 1916 quamquam
1005 1846 1105 1906 minus
1125 1864 1208 1905 nunc
1229 1848 1316 1905 celess

310 1968 393 2023 larari
416 1963 513 2024 video
533 1955 571 2022 ac
593 1944 693 2038 paene
717 1963 812 2020 etiarn
833 1963 864 2019 in
889 1967 1102 2040 contemptura
1120 1963 1237 2024 arlrlu'ci
1255 1969 1315 2025 noir

309 2084 409 2142 solum
433 2083 517 2160 apnil
540 2085 608 2154 eos
630 2085 684 2156 qni
707 2101 726 2138 a
749 2083 866 2140 nostris
887 2082 1002 2141 studiis
1024 2083 1119 2142 alieni
1143 2063 1239 2158 sunt,¹
1259 2083 1315 2146 sei

310 2205 405 2263 etiam
428 2179 510 2279 apori
535 2185 622 2277 ipsos
637 2201 834 2278 philologos,
855 2219 952 2278 spero
973 2205 1079 2262 tamelr
1101 2201 1171 2263 t'or'e
1193 2193 1317 2281 aliquos

309 2324 449 2398 quamvis
471 2323 600 2397 truncos,
625 2321 679 2395 qui
696 2323 756 2380 lrac
776 2321 947 2381 laudabilis
961 2319 1140 2398 *industriae
1160 2325 1316 2386 varietate

308 2439 524 2500 rlelecteutur.
567 2438 694 2500 Etenim
719 2459 861 2515 magnam
884 2457 958 2500 sane
982 2447 1032 2500 est
1048 2459 1087 2500 ac
1104 2441 1316 2520 praeclarum,

308 2561 452 2618 ettotam
474 2544 602 2632 aliquod
626 2559 886 2634 praestantissimi
909 2559 1074 2634 scriptoris
1097 2577 1176 2636 opus
1199 2577 1315 2638 aequa·

308 2677 366 2736 lini
387 2676 494 2736 storlio
523 2677 739 2753 complectare
766 2676 986 2753 insignemque
1012 2681 1111 2767 artem
1134 2687 1167 2742 et
1191 2685 1222 2740 in
1246 2683 1314 2741 uni·

307 2799 403 2855 verso
423 2797 523 2871 opere
552 2802 586 2855 et
611 2797 809 2872 inpartibus
838 2799 1040 2873 conspicuam
1068 2799 1215 2874 longiore
1238 2803 1314 2876 qim·-

309 2916 378 2974 rlarrr
401 2913 570 2988 diligentia
594 2917 754 2990 intueare3
777 2917 881 2991 neque
904 2917 1102 2976 lrleotumen
1124 2920 1223 2979 minus
1239 2903 1314 2980 lroic

309 3051 435 3110 qnoque
453 3031 640 3109 diligentiae
654 3051 709 3094 sna
729 3042 875 3096 constare
894 3037 963 3096 lans
981 3037 1088 3115 rlelret,
1104 3053 1185 3112 qnae
1201 3041 1315 3098 omissa

309 3150 538 3230 aliquantisper
557 3157 759 3214 contentione
773 3154 832 3266 illa
847 3162 1012 3234 perpetua,
1035 3155 1210 3228 singulares
1224 3157 1315 3218 loros

310 3266 415 3350 enga-
445 3257 541 3349 'uqae
572 3275 604 3334 ru
633 3275 672 3333 ns
707 3276 734 3334 sr
769 3276 845 3350 qna
879 3275 962 3336 rora
997 3277 1053 3335 ver
1084 3277 1313 3352 interpretarer

310 3409 420 3454 errore
450 3394 503 3454 vel
531 3393 729 3455 librariorum
759 3393 852 3469 cirlpa
885 3373 1051 3470 peccat-om
1080 3399 1146 3468 est,
1174 3397 1314 3456 auctoris

248 3503 251 3516 ’
306 3530 415 3573 ueram
438 3517 573 3573 merrtem
595 3514 715 3591 aperit,
742 3513 917 3589 scripturae
940 3515 1050 3574 uitium
1073 3507 1169 3575 conia
1214 3513 1313 3592 Cojos

309 3615 436 3709 qrrirlerrr
450 3635 498 3692 rei
520 3634 693 3708 quantasll
706 3650 802 3708 saepe
822 3631 954 3706 lrtllitas,
978 3634 1087 3693 dicere
1107 3625 1168 3694 norr¹
1181 3639 1312 3714 attinct3

305 3755 493 3834 jucunditas
513 3767 590 3812 vcro
612 3752 654 3812 a'c‘
668 3753 854 3811 ·‹iclectatio
877 3757 962 3813 tanta
984 3767 1053 3813 esse
1076 3755 1176 3826 solet,
1199 3760 1238 3832 ut
1256 3755 1312 3812 irri-

306 3865 372 3935 ¹rari
394 3873 470 3933 sirtls
496 3889 557 3932 non
584 3851 699 3948 possim
722 3887 831 3932 eornm
860 3872 1097 3949 le'ntilurlinern,
1130 3875 1181 3947 qui
1206 3867 1312 3949 lr'njus-

309 3993 394 4056 morll
415 3991 600 4052 inrlnstriarn
623 3973 820 4051 aversentur.
870 3991 952 4053 Naar
973 3996 999 4052 si
1029 3990 1176 4052 ‹liscerlats
1197 3995 1237 4050 air
1255 3988 1311 4050 ilia

309 4127 426 4174 sununs
453 4111 685 4185 delectatione,
715 4126 800 4187 'quae
831 4113 968 4173 univcrsi
997 4114 1103 4190 operis
1131 4103 1196 4182 isi,
1235 4105 1309 4186 qulrl
