3010 4812
392 1249 979 1425 Praefatio.
1072 1299 1074 1306 ·
1176 1271 1180 1280 ·

586 1463 786 1476 B-t—-Q—-l

182 1647 390 1766 Postquam
426 1690 500 1775 mihi
534 1690 687 1764 contigit,
719 1697 755 1750 ot
782 1690 813 1748 io
841 1689 923 1748 hane
949 1685 1190 1750 illustrissimam

183 1810 362 1872 litterarum
384 1810 494 1870 sedena
515 1810 714 1879 traducerer,
739 1827 820 1884 quae
842 1807 1067 1869 Vratislaviam
1089 1813 1190 1877 orout,
1273 1843 1278 1862 2

186 1930 297 1988 dicere
327 1947 388 1988 non
417 1945 542 2006 possum
560 1933 756 2004 quantopere
781 1947 831 1986 me
854 1927 1068 2002 delectaverit
1089 1933 1122 1986 et
1143 1927 1189 2004 in:
1237 1936 1240 1948 ‘

185 2049 285 2128 signis
306 2049 503 2110 Academiae
525 2047 678 2124 splendor
705 2051 739 2106 et
769 2025 965 2120 collegarum
993 2047 1110 2112 eximia
1133 2046 1190 2105 lure
1234 2079 1237 2088 ·

185 2168 318 2230 oranitas
333 2173 367 2226 et
387 2167 619 2244 exoptatissimi
639 2167 776 2224 nrooeris
795 2167 934 2240 gravitas
951 2169 986 2224 et
1004 2167 1193 2242 optimorum

183 2287 335 2362 juvenum
371 2287 547 2366 rectissima
575 2275 692 2344 studia.
744 2284 839 2362 Quae
869 2286 974 2344 omnio
1008 2301 1193 2358 quamquam
1281 2295 1284 2310 ¹

188 2423 300 2486 aragne
318 2406 406 2476 arilli,
429 2406 475 2471 uti
495 2422 551 2480 par
569 2411 630 2476 est,
653 2422 691 2462 ac
707 2404 873 2480 praeclaro
889 2406 956 2464 vise
974 2407 1059 2476 suot,
1081 2417 1193 2463 acces·

188 2527 230 2584 sit
252 2531 356 2584 tamen
378 2525 466 2600 quasi
489 2527 521 2582 in
538 2524 696 2584 contulum
716 2525 839 2600 privata
853 2523 1005 2603 quaedam
1020 2541 1097 2582 mea
1119 2522 1193 2582 feli·

190 2644 286 2714 citas,
314 2661 405 2716 qoam
435 2662 496 2718 ego
519 2608 589 2717 Δ(μιο
611 2643 731 2703 dlutius
758 2644 898 2704 ararissam
927 2642 1124 2716 desideravi,
1152 2661 1195 2716 eq

190 2763 291 2834 nragis
319 2761 456 2820 oblatam
486 2762 560 2820 mihi
588 2762 740 2842 gratrrlor.
799 2760 904 2829 Quum
933 2761 1015 2820 enim
1049 2761 1196 2836 proximo
1284 2837 1289 2845 „

193 2883 375 2956 superiore,
394 2881 609 2960 quinquennio
643 2883 726 2942 iuter
750 2880 820 2956 ,alia
853 2883 971 2940 acerba
1002 2881 1104 2940 multa
1134 2882 1196 2943 hoc

193 3017 319 3074 quoque
343 2999 396 3064 rel
418 3000 571 3076 imprimis
594 3001 706 3060 durum
728 3001 804 3059 mihi
826 2999 1011 3076 residisset,
1032 3005 1070 3072 ut
1085 3017 1197 3060 neees-
1317 2982 1319 2986 ⁵

192 3121 288 3180 sitate
312 3121 444 3194 quadam
468 3120 626 3181 adductus
648 3120 802 3183 etmulta
830 3122 1005 3180 scriberem
1027 3137 1131 3196 oeque
1150 3127 1197 3182 ta·

166 3257 265 3296 meo
287 3239 453 3312 quicquam
477 3238 545 3297 iere
568 3244 670 3312 esset,
698 3239 783 3314 quod
805 3257 867 3298 non
890 3239 990 3296 invito
1011 3239 1198 3314 reluctanti,-

195 3374 256 3433 que
279 3359 384 3416 aolino
410 3358 464 3416 vel
491 3359 688 3435 susciperem
715 3358 933 3434 scribendum,
964 3357 1199 3432 minumum

195 3477 344 3548 ederem,
366 3488 550 3552 quamquam
572 3494 676 3556 neque
699 3493 796 3536 annos
810 3478 890 3546 ¹illos
912 3494 1015 3552 neque
1038 3477 1200 3555 pristioam

196 3596 394 3656 alacritatem
411 3615 515 3672 neque
533 3597 657 3676 reliqua
672 3596 776 3655 onmia
790 3613 984 3674 recuperare
999 3597 1101 3672 potui,
1119 3614 1200 3672 quae

192 3689 251 3800 γνιιῑΙ
278 3715 425 3798 fortunae
454 3716 646 3778 adversitate
678 3718 790 3776 amissa
821 3716 876 3776 vel
903 3717 1061 3796 hominum
1087 3715 1202 3794 injuria

200 3840 309 3910 erepta
331 3835 412 3920 milri
428 3839 518 3914 sont,
542 3852 626 3894 none
649 3843 754 3896 tamea
777 3835 903 3896 taudem
926 3835 1095 3910 aliquando
1117 3803 1203 3908 redit

200 3953 350 4022 paulatim
378 3955 498 4014 animus
524 3959 559 4014 et
585 3930 753 4015 remeatur
779 3956 919 4030 repetita
947 3972 1056 4016 eorum
1078 3953 1202 4016 stadio.-

202 4083 269 4130 rom
290 4073 509 4146 meditatione,
529 4092 610 4150 quae
630 4089 744 4145 magno
764 4090 835 4134 meo
847 4091 930 4139 ,eam
948 4073 1060 4134 dolore
1077 4073 1133 4134 dio
1154 4072 1210 4132 io·¹

202 4189 407 4252 termittendu
436 4192 575 4253 suerunt.
630 4191 746 4268 Neque
778 4200 885 4256 tamen
914 4193 995 4255 licet
1021 4193 1089 4270 jam
1119 4209 1205 4252 none
