3012 4796
698 422 910 488 ..82-

303 593 399 654 tionis
419 594 585 664 modestia,
606 597 775 655 obscurum
792 609 863 655 esse
879 612 943 654 non
962 599 1080 671 potest.
1116 593 1302 672 Namqnum

302 704 380 762 aiihl
405 719 502 780 saepe
524 705 739 768 Athenienses
760 721 858 778 aegre
881 704 966 764 ferro
988 705 1149 784 videmus,
1184 709 1304 782 siquis
1350 701 1361 712 ⁸

304 814 346 872 de
375 830 483 875 eorum
513 815 643 890 ingenio
675 821 710 874 et
738 817 884 875 acumine
917 832 979 874 non
1008 830 1127 875 summa
1157 832 1303 891 quaeque

305 924 479 996 existimet,
501 929 565 984 tum
588 923 738 1000 Spartani
757 923 847 985 illius
867 925 1015 986 vanitatis
1034 929 1116 985 hene
1138 929 1225 1000 gnari
1236 927 1303 1003 jam

194 1049 198 1058 ·
305 1037 345 1092 ah
372 1035 465 1094 inliio
487 1037 638 1094 orationis
660 1035 779 1095 callide
800 1052 857 1094 eos
878 1040 1081 1106 monuerant,
1117 1053 1158 1093 ne
1180 1033 1239 1094 sihi
1261 1026 1306 1104 nic

304 1133 451 1222 ἀξύνετοι
486 1131 717 1220 διδασκόμενοι
753 1144 956 1217 viderentur3
987 1148 1088 1204 verba
1120 1145 1203 1205 enim
1230 1135 1305 1224 πρὸς

304 1243 429 1325 εἰδότας
456 1255 536 1314 lieri.
595 1251 666 1312 Nec
699 1254 799 1325 magis
834 1259 960 1329 poteret
993 1255 1041 1313 de·
1064 1252 1304 1315 Atheniensium

304 1352 500 1444 σωφροσύνῃ
521 1364 647 1424 sinistre
668 1368 724 1423 aut
745 1364 891 1438 ambigua
907 1365 1009 1422 oratio
1028 1380 1111 1436 esse,
1133 1381 1213 1440 quos
1228 1367 1305 1426 itenr

299 1475 366 1552 jam
388 1478 481 1532 antea
503 1474 652 1535 dixerant
672 1473 771 1534 multu
792 1490 897 1533 rerum
921 1489 979 1532 usu
1000 1476 1134 1548 egregie
1151 1477 1306 1536 firmatum

302 1584 438 1643 animum
459 1585 577 1642 hahere
600 1585 751 1643 adversus
771 1584 933 1644 secuntiae
954 1582 1101 1642 fortunae
1123 1583 1306 1646 illecebras.

306 1693 520 1762 Quamobrem
540 1693 618 1752 nihil
641 1695 672 1752 in
693 1711 759 1753 rem
782 1697 981 1769 praesentem
1004 1696 1108 1767 nptias
1124 1701 1185 1762 est,
1211 1711 1307 1768 quem

303 1805 479 1879 genitivum
512 1822 552 1861 eo
580 1821 642 1877 quo
670 1803 739 1861 dixi
766 1804 860 1862 modo
889 1805 1055 1877 accipere,
1094 1805 1126 1861 in
1154 1819 1217 1878 qno
1245 1821 1307 1863 non

304 1929 375 1972 csse
397 1913 529 1984 dehere,
552 1913 610 1972 sed
632 1929 702 1972 esse
719 1912 786 1989 jam
807 1905 971 1991 σώφρονες
988 1898 1105 1989 ἄνδρες
1121 1913 1306 1986 intelligun·
1340 1983 1351 2006 x

303 2031 366 2096 tur,
388 2032 425 2084 ut
445 2025 472 2083 si
495 2024 598 2083 dieas:
627 2024 730 2082 inter
751 2025 985 2082 moderatos
1009 2025 1137 2095 viros,
1167 2024 1307 2099 quales

303 2139 343 2194 et
363 2149 429 2195 vos
456 2123 558 2194 estis
584 2136 624 2191 et
646 2149 712 2192 nos
733 2148 878 2204 sumus,
913 2136 1143 2208 quicunque
1164 2149 1307 2193 secun·

303 2245 369 2307 das
406 2259 468 2303 res
503 2243 611 2302 iuter
646 2244 830 2317 ambigua
864 2247 951 2302 tuto
983 2248 1144 2318 ponunt,
1187 2244 1307 2303 iidem

304 2357 419 2415 etiam
442 2352 621 2412 adversis
643 2351 881 2428 prudentius
907 2361 1135 2413 occurrant.

387 2463 426 2523 ln
448 2462 498 2522 his
519 2460 599 2519 illud
622 2466 770 2536 superest
792 2467 833 2521 ut
848 2462 1042 2537 explicetur,
1065 2463 1223 2538 quomodo
1257 2463 1306 2521 di-

305 2581 391 2635 ctum
412 2573 455 2632 sit
474 2564 507 2641 ἐς
527 2561 709 2649 ἀμφίβολον
729 2563 888 2648 οἷιιφαλῶς
908 2559 1026 2640 ἔθεντο.
1071 2569 1150 2632 Nam
1164 2573 1217 2630 hic
1227 2590 1306 2647 qno·

304 2702 366 2759 que
393 2681 489 2741 video
517 2682 712 2764 interpretes
739 2681 780 2739 de
802 2699 878 2739 vera
901 2679 1104 2758 Thucydidis
1125 2689 1232 2742 mente
1253 2690 1309 2743 aui

304 2795 466 2853 dubitasse
498 2796 553 2850 aut
585 2806 716 2852 errasse.
771 2787 876 2858 Quum
903 2794 989 2851 enim
1010 2784 1043 2860 ἐς
1064 2781 1245 2870 ἀμφίβολον
1273 2797 1308 2852 et

303 2893 462 2980 α’σφαλῶς
483 2918 661 2977 repugnare
684 2901 769 2960 inter
790 2916 825 2959 se
847 2901 1048 2974 viderentur,
1085 2901 1230 2977 plerique
1253 2921 1307 2961 ca·

303 3032 372 3073 rum
393 3029 507 3071 vocum
529 3012 679 3071 notiones
700 3010 745 3069 ita
766 3015 1005 3084 separaverunt,
1026 3029 1067 3070 ne
1089 3012 1252 3072 incudem
1273 3031 1307 3072 re

305 3123 532 3198 convenirent,
564 3122 667 3178 secuti
690 3120 770 3177 hanc
793 3117 975 3178 Helinmnni
997 3121 1309 3197 interpretationem:

304 3249 386 3291 wer
415 3231 501 3291 sich
534 3230 598 3288 die
632 3229 871 3290 erhaltenen
905 3232 1107 3291 vortheile
1137 3233 1309 3292 auialle

305 3345 555 3415 ungewissen
578 3340 677 3399 salle
699 3355 745 3398 zu
768 3339 926 3416 sichern
948 3344 1076 3403 sucht.
1110 3340 1179 3402 Alii
1199 3336 1232 3411 ἐς
1251 3336 1311 3422 nip-
1375 3385 1379 3392 .

303 3443 435 3532 φῖβολον
456 3451 659 3526 interpretati
681 3455 769 3509 snut:
800 3453 967 3536 propter
987 3454 1205 3523 ambiguam
1228 3451 1309 3509 lor·

305 3570 445 3625 tunam.
488 3559 580 3627 Quae
604 3559 782 3635 explicatio
804 3575 990 3634 quemquem
1013 3560 1161 3637 Popponi
1183 3578 1308 3637 quoque

305 3671 442 3732 unanime
467 3670 593 3746 piacet,
626 3672 718 3728 recte
745 3672 851 3728 tamen
873 3669 1016 3748 dubitat,
1047 3688 1122 3730 num
1144 3689 1182 3732 eu
1202 3676 1311 3732 verhis

304 3783 369 3841 illis
391 3782 495 3839 inesse
518 3781 627 3856 possit.
668 3775 746 3853 Ego
767 3779 844 3837 mihi
866 3779 970 3854 ipsum
993 3777 1197 3856 Thucydidis
1217 3783 1309 3855 inge·

304 3893 390 3951 nium
416 3891 539 3964 asseqrd
566 3889 696 3960 videor,
726 3905 822 3963 quum
843 3882 875 3959 ic
897 3880 1076 3969 ἀμφίβολον
1098 3894 1132 3949 ct
1152 3882 1311 3970 α’σφαλῶς

305 4009 396 4061 arcte
419 4005 455 4060 et
475 4003 560 4060 inter
581 4017 617 4060 se
640 3997 799 4074 conjungo
821 4005 856 4059 et
879 4017 949 4059 cnm
971 4003 1070 4059 verho
1091 3985 1218 4077 ἕξιευτο,
1247 4023 1309 4067 uon

306 4114 401 4171 modo
423 4127 607 4186 quamquam
631 4110 790 4170 contraria
811 4116 895 4178 sunt,
916 4109 974 4169 sed
996 4113 1071 4184 qnia
1091 4117 1176 4173 sunt.
1214 4115 1311 4177 Amat

275 4267 282 4284 .
307 4222 391 4281 enim
416 4219 626 4298 Thucydides
647 4221 729 4280 hanc
751 4219 881 4280 dicendi
904 4221 1049 4291 liguram,
1071 4217 1153 4295 quse
1174 4244 1308 4304 oxymo.

306 4349 366 4392 ron
394 4335 547 4408 vocatur,
579 4331 680 4392 veluti
707 4330 792 4390 dixit
819 4328 875 4389 lih.
895 4325 964 4402 111,
989 4346 1019 4390 c.
1041 4325 1093 4394 38.
1116 4329 1234 4407 βιαταὶ
1253 4329 1311 4419 μὲν
