3010 4812
619 393 831 462 ..19-

175 562 181 568 ’
221 567 335 632 nultos.
377 567 457 628 Mox
478 572 518 661 ab
538 565 673 644 Epheso
693 565 856 641 digressus
877 567 1028 627 celeriter
1049 567 1134 642 fugit
1157 587 1223 628 me·

221 684 316 736 tuens
337 696 377 736 ne
400 675 616 739 Athenienses
636 691 673 734 se
690 679 917 758 sequerentur;
939 682 1129 753 conspectus
1139 680 1225 739 enim

223 791 293 846 erat
318 805 412 862 quum
440 787 545 846 adbuc
568 788 657 846 circa
677 782 804 845 cunm
833 785 905 864 (eut
925 785 1067 864 Icarum)
1099 795 1186 848 esset
1206 808 1226 849 a
1258 778 1263 786 ’
1300 821 1303 826 ·
1345 775 1351 785 ⁴

223 895 395 957 Salaminia
417 899 453 956 et
473 895 589 956 Parate
612 895 856 955 Atheniensium
878 897 1019 956 navibus.
1063 895 1155 958 Haec
1171 900 1226 973 qui

219 1007 360 1080 legerit,
392 1023 453 1066 non
484 1006 643 1066 dubitabit
671 1006 747 1080 quin
774 1007 925 1082 exiguum
953 1006 1052 1067 suerit
1072 1009 1226 1084 specium,

222 1117 307 1191 qued
331 1116 389 1174 iile
410 1119 451 1175 ab
473 1133 513 1175 eo
535 1117 621 1188 loco,
643 1117 699 1176 ubi
718 1118 819 1176 visum
841 1133 876 1177 se
897 1119 1037 1195 sciebat,
1060 1125 1227 1192 antequam

224 1231 314 1284 recte
329 1225 469 1302 fugeret,
490 1242 674 1302 permensus
684 1232 743 1288 est.
774 1223 870 1287 Haud
884 1227 1108 1300 dubieautem,
1130 1246 1227 1303 quan·

224 1335 394 1410 doquidem
415 1338 481 1414 jam
504 1337 544 1394 ad
566 1335 738 1398 Embatum
761 1337 961 1398 celeritatem
982 1339 1136 1398 adbibere
1154 1356 1229 1398 con·

224 1447 389 1517 stituerat,
421 1465 459 1506 ee
481 1447 648 1534 proiectus
669 1454 737 1519 est,
759 1465 821 1523 que
843 1455 913 1508 erat
934 1451 1130 1526 proximum,
1154 1455 1191 1509 nt
1210 1468 1230 1509 a

225 1554 407 1632 Myonnesu
451 1574 536 1616 oram
574 1557 689 1632 legens
723 1554 892 1618 Lebedum
925 1561 1231 1646 praeterveheretur

226 1663 417 1741 Clarumque
440 1672 474 1725 et
496 1664 639 1737 Notium,
661 1673 696 1726 et
720 1667 836 1728 deinde
859 1665 1026 1743 Ephesum
1045 1669 1230 1734 accederet.

224 1775 287 1837 Est
314 1784 418 1837 nutem
442 1775 554 1836 Charus
575 1777 687 1835 'medie
714 1777 816 1838 ferme
837 1778 892 1837 vin
912 1779 997 1837 inter
1019 1778 1232 1856 Myonnesum

226 1893 260 1946 et
280 1885 459 1964 Ephesum,
482 1891 517 1945 et
533 1886 632 1946 distet
652 1890 692 1945 ub
714 1868 846 1964 Ephesc
867 1887 979 1947 stadiis
1000 1889 1176 1961 octoginta,
1197 1888 1233 1946 id

227 1997 313 2071 quod
335 2001 472 2064 testetur
492 1995 643 2072 Xenoph.
663 1993 789 2072 Ephes.
809 1994 839 2072 1,
861 2015 933 2072 peg.
958 1994 988 2057 8.
1030 1995 1118 2057 Nihil
1134 1999 1235 2072 igitur
1271 2067 1273 2074 ¹

227 2106 327 2181 magis
354 2110 404 2164 est
432 2105 627 2182 verisimile,
663 2124 754 2182 quam
780 2126 800 2167 a
822 2106 937 2178 Clean,
972 2125 1067 2182 quum
1089 2108 1134 2165 ibi
1158 2125 1235 2166 cun-

228 2222 359 2292 spectus
381 2217 529 2275 essetab
552 2191 819 2286 Atheniensibus,
850 2233 912 2275 non
934 2217 1070 2303 amplius
1090 2213 1234 2280 LXXX.

229 2327 341 2386 stadiis
363 2341 471 2386 ausum
495 2341 565 2385 esse
588 2326 742 2403 progredi
770 2324 929 2387 Alcidem.
972 2324 1039 2386 Sed
1064 2325 1179 2412 Poppo
1201 2332 1236 2388 et

232 2440 285 2512 qni
314 2455 384 2498 eum
412 2440 588 2511 sequuntur
613 2455 676 2496 non
700 2437 731 2495 in
752 2437 815 2494 hnc
836 2437 943 2495 reditu
965 2434 1112 2497 Alcidem
1134 2455 1234 2512 appu·

231 2547 307 2605 iisse
330 2547 370 2604 ed
391 2545 518 2606 Icarum
538 2550 692 2618 statuunt,
715 2563 806 2621 quam
828 2564 887 2623 pro
905 2543 1001 2606 Claro
1023 2554 1154 2624 ponunt,
1177 2547 1237 2606 sed

169 2655 172 2663 '
231 2662 397 2730 antequem
426 2657 602 2715 accederet
627 2655 669 2715 ad
688 2654 875 2728 Euibetnm,
897 2674 916 2716 a
937 2655 1022 2716 Delo
1043 2661 1237 2717 venientem·
1304 2718 1308 2727 ,

158 2818 169 2840 ,
232 2765 326 2826 Dixit
356 2765 440 2824 euim
463 2764 675 2843 Thucydides
705 2784 776 2853 cap.
798 2763 849 2828 29.
878 2754 953 2834 τοὺς
973 2755 1032 2845 μὲν
1052 2760 1091 2825 ἐκ
1112 2761 1167 2840 φῆς
1187 2759 1239 2826 πό-

232 2879 310 2946 λεως
335 2865 525 2950 Ἀβηναῖους
545 2864 771 2952 λανθάνουσι,
801 2865 874 2954 πρὶν
895 2867 935 2950 δὴ
957 2869 996 2956 νῇ
1015 2863 1105 2952 Δήλῳ
1127 2863 1238 2952 ἔσχον·

136 3035 137 3042 ,
232 2976 462 3066 προσμίξαντες
484 2975 519 3044 δὲ
539 2977 591 3044 obt
615 2977 716 3060 αὐτῆς
736 2977 776 3066 τῇ
793 2973 910 3063 Ἰκάρῳ
931 2976 990 3045 καὶ
1009 2975 1151 3062 Μυκόνῳ
1166 3004 1239 3046 πυν-

234 3085 394 3165 θάνονται
418 3088 541 3172 πρῶτον
569 3083 661 3170 gend
684 3083 843 3170 Μυτιλήνη
865 3083 998 3154 ἑάλωκε.
1042 3094 1167 3164 Quibus
1187 3097 1238 3155 itti

233 3208 342 3265 verbis
368 3223 434 3264 rem
458 3207 590 3264 eandem
612 3206 785 3278 signiticnri
806 3208 949 3267 statuunt
968 3222 1007 3266 ac
1028 3205 1159 3282 deinde,
1185 3207 1240 3267 ubi

235 3321 381 3376 narretur
415 3313 549 3375 Alcides
580 3319 669 3376 visus
698 3331 768 3375 esse
800 3333 820 3373 a
851 3314 1025 3376 Salaminia
1056 3318 1091 3373 et
1112 3313 1239 3376 Parate.

237 3425 325 3495 Quid
349 3425 476 3486 antemi
504 3443 561 3484 cur
582 3444 644 3485 non
667 3431 732 3484 tum
753 3427 856 3485 statim
880 3426 994 3501 fugere
1017 3429 1126 3500 coepit
1148 3423 1240 3486 Alci-

238 3539 310 3609 das‚
337 3537 395 3596 sed
422 3535 554 3611 propius
576 3537 672 3596 etiam
693 3537 832 3594 accessit
853 3537 892 3595 ad
915 3533 1067 3607 Lesbum,
1090 3537 1145 3595 ubi
1158 3540 1241 3596 scie·

238 3651 292 3707 bet
315 3663 456 3718 magnum
480 3661 551 3703 esse
572 3646 815 3706 Atheniensium
837 3646 989 3705 classem‘t
1011 3647 1243 3732 amputabimus

238 3758 388 3833 majorem
410 3761 478 3815 tum
501 3757 532 3814 ei
554 3757 691 3815 animum
713 3755 824 3827 fuisse,
847 3773 938 3830 quam
960 3754 1022 3816 t‘uit
1046 3755 1178 3832 posteat
1200 3788 1261 3848 --·¹

238 3865 283 3928 At
299 3867 404 3926 vetuit
421 3866 541 3925 certius
554 3866 672 3941 aliquid
691 3881 889 3940 cognoscere
903 3865 944 3925 de
953 3865 1115 3946 Mytilene
1138 3871 1243 3942 θερίας

238 3976 354 4047 audi03
375 3976 433 4034 sed
456 3993 525 4036 eam
548 3980 590 4037 nb
612 3991 736 4036 causam
759 3994 863 4050 neque
886 3979 949 4035 tan
967 3994 1069 4052 prope
1084 3975 1244 4035 accedere

241 4101 321 4159 opus
350 4091 435 4158 eret,
471 4092 507 4146 et
527 4091 654 4164 poteret
674 4103 741 4145 rem
769 4085 940 4162 explorare
965 4103 1135 4161 paucarum
1158 4087 1244 4174 peri·

242 4195 317 4256 cuin
339 4197 474 4258 navium.
496 4194 639 4259 Confisus
658 4213 738 4259 vere
755 4197 919 4258 etiamtum
936 4214 987 4268 en,
1010 4195 1095 4270 quod
1109 4194 1245 4256 nondum
