3012 4796
590 323 594 338 ‘
672 331 725 382 ‘-
771 331 833 402 112
877 367 919 384 -

302 503 351 578 gis
372 505 410 564 ad
425 502 750 572 Lacedaemoniorum
772 507 924 568 iuvidiam
946 505 1096 583 pertinet,
1118 506 1204 583 quod
1223 525 1304 570 non·
1402 483 1409 494 ¹

300 616 380 674 nulli
402 615 641 678 Atheniensium
669 618 751 678 socii
776 636 871 692 qurum
896 617 1002 676 omnia
1024 617 1193 689 fecissent,
1226 635 1307 692 quiae

301 727 333 784 in
356 727 540 788 delectione
563 727 772 803 prudentibus
793 728 871 786 viris
892 725 1043 786 facienda
1064 731 1171 800 eraut,
1193 735 1228 788 et
1249 697 1307 789 'co-

301 837 371 912 pias
404 839 492 897 bello
524 837 665 910 gerendo
697 837 893 896 necessarias
930 836 1104 912 diligenter
1132 841 1306 915 parassent,

300 950 405 1007 tamen
426 961 445 1006 a
467 945 744 1016 Lacedaemoniis,
774 946 815 1004 nd
837 961 916 1021 quos
937 946 1140 1020 deficiebant,
1163 943 1308 1008 destituti

301 1053 374 1130 sunt
402 1062 436 1116 et
461 1057 704 1120 Atheniensium
734 1056 847 1114 ultioni
875 1057 1008 1133 objecti.
1055 1055 1148 1116 llaec
1177 1063 1227 1118 est
1252 1059 1308 1117 illo

301 1167 428 1238 inertia,
450 1185 541 1241 quam
566 1163 722 1226 Corinthii
745 1169 889 1226 omuibus
910 1166 1063 1226 orationis
1085 1169 1306 1236 acerbissimae

301 1277 423 1336 aculeis
450 1293 593 1352 pungere
622 1279 659 1334 et
685 1275 717 1334 in
746 1292 833 1336 arma
860 1291 958 1348 agere
979 1276 1129 1348 student,
1161 1283 1196 1338 et
1217 1295 1308 1353 quam

242 1375 244 1385 '
302 1386 431 1446 dubium
464 1404 528 1445 non
558 1388 609 1444 est
629 1389 669 1444 ab
692 1385 757 1444 illis
778 1385 811 1445 in
838 1385 938 1460 majus
960 1399 1031 1444 esse
1056 1388 1163 1462 potius
1184 1396 1308 1447 auctam

302 1513 394 1568 quam
431 1499 637 1555 extenuatam
669 1498 704 1554 ct
737 1490 942 1570 excusatam,
980 1483 1016 1554 ut
1051 1496 1215 1571 probabile
1250 1499 1307 1568 sit,

301 1615 443 1680 ipsorum
475 1607 635 1665 sociorum
665 1603 790 1678 culpem
817 1604 845 1662 si
872 1621 933 1678 qua
959 1603 1044 1666 forte
1066 1605 1145 1682 fuit,
1178 1604 1309 1667 silentio

301 1717 512 1776 transmissam
533 1731 637 1787 ,esse3
676 1729 859 1788 quamquam
891 1713 1047 1772 credibile
1075 1731 1135 1774 non
1167 1719 1232 1786 est,
1271 1721 1309 1776 ut

303 1825 454 1900 exemplo
483 1833 570 1898 utar,
603 1827 773 1899 imparatos
802 1822 899 1881 fnisse
930 1823 971 1881 ad
994 1824 1110 1882 bellum
1133 1825 1308 1896 gerendum

301 1933 519 2012 Mytilenaeas
539 1943 624 2006 tum,
647 1951 742 2008 quum
765 1937 839 1991 ante
861 1932 978 1992 beilum
999 1931 1309 2009 Peloponnesiacum

302 2050 405 2104 ortum
442 2045 568 2120 legatos
599 2044 642 2103 ad
668 2041 939 2103 Lacedaemonios
967 2043 1008 2101 de
1035 2043 1220 2103 defectione
1251 2061 1309 2106 sua

302 2156 481 2225 mitterent,
517 2155 636 2230 quippe
668 2152 722 2226 qui
750 2152 845 2212 etiam
874 2157 1005 2229 postea,
1037 2168 1133 2227 quum
1161 2173 1225 2238 non
1252 2173 1309 2216 sua

302 2268 427 2339 sponte,
448 2263 507 2322 sed
529 2283 549 2322 a
569 2263 716 2323 Boeotiis
738 2261 874 2320 excitati
893 2255 999 2320 subito
1019 2263 1217 2326 defecissent
1233 2285 1307 2342 pae-

302 2392 343 2432 ne
365 2373 527 2448 imparati,
554 2388 676 2432 surrrmo
698 2371 805 2432 studio
827 2385 879 2428 res
898 2386 972 2432 suas
994 2372 1035 2430 ad
1054 2373 1236 2434 libertatem
1258 2382 1308 2436 tu-

303 2483 417 2542 endam
437 2482 639 2546 instruerent.
671 2481 748 2543 Vid.
773 2478 878 2540 Thuc.
901 2480 956 2542 lib.
974 2479 1037 2553 llI,
1061 2499 1088 2544 c.
1107 2480 1137 2542 2.
1160 2489 1195 2545 et
1217 2503 1245 2546 c.
1262 2481 1308 2550 13.

304 2591 428 2660 Quibus
456 2591 497 2648 de
524 2592 627 2650 causis
649 2608 711 2664 ego
733 2596 838 2651 statuo
860 2580 924 2648 οὐκ
946 2577 1107 2650 excidisse
1128 2599 1202 2653 ante
1224 2586 1309 2654 ἄπα·

303 2689 503 2778 pecuniave,
525 2703 574 2760 nti
596 2691 659 2760 οὐκ
681 2705 716 2760 et
736 2687 778 2780 μή
802 2699 995 2759 exciderunt
1014 2700 1087 2760 aliis
1109 2704 1205 2764 etiam
1226 2706 1309 2766 locis

302 2812 406 2870 veluti
428 2811 485 2873 ltu.
507 2809 587 2882 Vll,
611 2829 638 2869 c.
662 2807 713 2871 29.
736 2829 764 2870 c.
787 2806 837 2873 63.
882 2806 1032 2870 Ceterum
1053 2810 1136 2871 illud
1158 2832 1221 2874 non
1241 2833 1308 2875 mo-

303 2938 380 2980 vere
403 2937 590 2994 quemquem
613 2920 722 2990 debet,
745 2919 831 2995 qnod
852 2918 955 2981 Thac.
978 2920 1031 2982 lib.
1052 2921 1088 2992 l,
1112 2939 1140 2980 c.
1164 2919 1215 2985 99.
1236 2942 1308 2984 nar·

303 3040 354 3092 rat
374 3028 605 3102 subterfugisse
628 3025 873 3090 Atheniensium
895 3030 1001 3088 socios
1022 3033 1166 3092 militiam
1187 3038 1222 3094 ct
1243 3051 1307 3094 ma·

303 3145 401 3203 luisse
423 3142 543 3202 tributa
563 3140 724 3216 pendere,
752 3157 814 3213 qno
836 3140 956 3199 factum
980 3145 1046 3213 est,
1071 3146 1109 3202 ut
1128 3141 1307 3205 Athenien.

304 3255 384 3312 sium
421 3267 500 3329 opes
541 3255 742 3326 crescerent,
786 3238 881 3308 αὐτοὶ
916 3238 951 3308 δὲ
988 3240 1079 3311 ὁπότε
1116 3244 1309 3324 ἀποσταῖεν,

304 3349 533 3440 ἀπαράσκευοι
559 3351 617 3420 καὶ
643 3343 765 3436 ἄπειροι
793 3351 826 3430 ἒς
854 3347 909 3419 ‘aio
933 3348 1071 3440 πόλεμον
1097 3354 1308 3432 caeteram.

305 3473 462 3533 Corinthii
488 3471 571 3530 enim
598 3468 724 3540 nonid
753 3469 866 3529 dicunt
887 3470 972 3545 quod
994 3487 1047 3532 res
1069 3477 1154 3545 erat,
1185 3470 1244 3530 sed
1267 3471 1308 3530 dc

304 3571 490 3659 quibusdam
512 3584 634 3642 tanturn
652 3579 750 3638 sociis
765 3584 876 3654 agurrt,
897 3580 930 3638 in
951 3584 1066 3656 quibus
1087 3581 1220 3656 egregie
1241 3599 1307 3643 ma-

305 3713 367 3768 gna
399 3692 508 3752 extitit
534 3689 762 3768 Spartanorum
796 3689 954 3748 socordia.
1008 3689 1164 3753 Sciebant
1190 3695 1308 3762 autem,

305 3811 470 3877 antequam
492 3802 597 3861 socios
612 3800 816 3872 asciscerent,
840 3817 950 3860 eorum
968 3817 1047 3876 opes
1061 3803 1307 3877 apparatumque

305 3913 458 3972 bellicum
479 3910 676 3986 inspectare3
690 3909 734 3967 id
756 3907 972 3973 Athenienses
991 3909 1140 3970 fecerunt
1165 3911 1197 3970 in
1216 3909 1307 3988 Ege·

306 4025 411 4096 staeis,
435 4042 453 4082 a
475 4021 588 4098 quibus
611 4021 742 4081 mirifice
766 4021 871 4082 delusi
891 4026 978 4094 sunt3
1000 4021 1065 4082 vid.
1080 4021 1135 4082 lib.
1152 4019 1214 4095 Vl,
1237 4018 1306 4086 co.
