3010 4812
595 411 806 478 ..35...

199 588 338 646 arbitror
363 589 432 645 lieri
460 601 563 662 posse.
615 582 726 664 Atque
758 586 819 660 boe
847 587 973 659 quidem
1004 588 1072 662 ipsa
1098 590 1194 646 etiam

200 688 405 773 Thucydidis
417 701 515 755 verba
528 697 605 754 satis
617 695 799 768 ostendunt,
823 714 885 753 non
899 685 1082 775 στρατηγόν
1098 697 1195 756 i'aisse

200 805 420 884 Thrasyllum
441 825 509 866 nam
532 826 551 865 a
570 805 719 876 strategis
745 806 814 879 ipse
838 823 908 864 euru
924 805 1125 883 Thrasybulo
1147 807 1195 864 di-

198 919 385 992 stlngoitnr,
420 921 454 975 et
481 916 616 990 legimus
645 931 718 972 eum
746 920 855 988 postea
877 915 1002 975 demum
1022 921 1195 987 strategum

200 1036 339 1085 ereetum
359 1043 447 1104 esse3
469 1027 534 1084 virl.
557 1045 586 1084 a.
609 1022 660 1082 76.
688 1023 898 1092 Quamobrem
917 1025 1101 1086 Scholiasta·
1117 1034 1196 1100 poto

198 1123 510 1197 &marcommannis
532 1151 603 1194 esse
624 1151 681 1211 pro
703 1129 946 1212 ταξιαρχοῦνη,
968 1153 1070 1211 neque
1091 1142 1195 1194 tamen

162 1309 166 1320 ,
199 1246 265 1304 ullo
288 1246 381 1304 morlo
403 1245 541 1315 intelligi
562 1245 699 1320 poterit,
723 1262 781 1303 eur
804 1248 836 1304 in
860 1251 922 1306 tam
945 1247 1127 1320 vulgaribus
1148 1249 1195 1306 rei

198 1357 344 1415 militaris
375 1354 538 1412 vocabulis
565 1373 584 1413 a
618 1355 772 1414 commoni
807 1356 1035 1415 consuetudine
1068 1357 1195 1415 ‹licenrli

200 1464 410 1541 Thucydides
431 1465 632 1536 discesserit,
655 1467 709 1538 qni
732 1464 809 1522 alibi
829 1481 971 1540 semper,
1003 1471 1038 1525 ut
1060 1466 1198 1526 decebat

198 1593 302 1634 rernm
324 1575 461 1650 peritum
483 1576 715 1648 imperatorem,
738 1575 911 1646 diligenter
932 1573 1099 1634 verborum
1124 1594 1195 1650 nro·

199 1687 366 1760 prietatem
393 1687 583 1746 observarit.
641 1675 728 1751 Quid
756 1691 860 1744 autem
889 1688 1006 1756 obstat,
1033 1688 1198 1762 quominus

124 1775 128 1790 ι
200 1793 402 1872 Thrasyllum
424 1797 489 1852 tum
516 1795 585 1850 sine
607 1811 736 1852 munere
763 1795 795 1852 in
822 1797 910 1867 gravi
938 1802 1094 1855 armatura
1115 1796 1196 1854 mili-

86 1903 88 1908 ’
198 1909 281 1963 tasse
308 1903 500 1962 statuamusl
542 1901 623 1963 Nam
651 1905 678 1960 si
703 1923 744 1962 ne
773 1905 869 1962 bodie
896 1906 1021 1978 quidem
1044 1905 1198 1999 ¹exempla

199 2015 315 2072 ‹lesunt
341 2015 498 2071 hominum
523 2013 675 2070 nobilium
699 2031 739 2070 aa
762 2022 941 2088 potentum,
974 2016 1081 2087 quiin
1108 2016 1198 2074 civili

199 2125 348 2182 exercitu
383 2123 599 2194 gregariorum
635 2123 740 2182 locum
775 2123 910 2182 militum
948 2127 1197 2199 occupaverunt,

198 2233 299 2292 multo
326 2232 360 2290 in
384 2234 485 2290 minus
506 2232 696 2292 incredibile
718 2234 819 2293 villeri
835 2236 933 2328 debet
955 2235 986 2292 in
1008 2233 1196 2292 Atheniensi

200 2343 336 2400 bomine.
370 2339 519 2402 Ceterum
552 2348 586 2401 nt
606 2343 675 2400 herl
698 2345 804 2418 notuit
825 2350 861 2402 ut
883 2333 1005 2418 ὁπλίτης
1026 2349 1125 2419 asser,
1154 2344 1198 2402 ita

184 2450 237 2513 'ut
256 2439 350 2529 ψιλός
371 2458 468 2525 esset,
489 2451 558 2512 lieri
582 2471 643 2511 non
667 2455 781 2527 potuit.
