3012 4796
588 381 801 448 ..79-

197 558 303 616 eativ'o
326 558 498 634 conjuncta
519 561 580 624 est,
603 571 686 612 nuno
708 553 773 612 ahio
794 551 928 626 uuonan
951 554 1044 612 morio
1059 555 1197 626 intelligi
1254 625 1263 634 μ

195 668 327 740 debeat,
358 669 392 726 ih
421 665 507 741 qnorl
535 669 571 723 ut
596 666 665 722 tieri
695 679 788 737 posse
812 661 955 733 credam,
993 663 1076 722 hand
1099 665 1197 722 iaeiie

192 777 343 841 adducar.
395 775 543 849 Denique
584 775 684 848 ipsius
717 772 914 849 conjunctivi
949 789 1041 848 qnam
1073 790 1195 832 eausam

194 903 265 948 esse
287 884 450 947 dicemust
481 901 550 943 nam
573 884 659 957 quod
681 883 882 959 prudentium
905 885 1044 942 virorum
1066 889 1132 953 est,
1163 885 1197 941 id

193 1015 254 1057 non
276 998 378 1057 minus
401 997 523 1054 certum
545 1009 584 1053 ac
606 992 776 1052 definitum
799 1008 870 1051 esse
892 997 1025 1068 apparet
1041 995 1072 1052 in
1089 997 1196 1070 priore

194 1125 286 1183 quam
316 1107 348 1164 in
375 1106 553 1180 posteriore
583 1103 753 1168 sententia.
810 1101 876 1161 Tot
902 1105 1001 1175 igitur
1027 1108 1197 1179 tantaeque

193 1233 289 1291 quum
315 1215 378 1274 sint
404 1214 438 1273 in
468 1215 537 1287 ipsa
563 1213 717 1272 orationis
744 1220 906 1273 structura
933 1212 1142 1294 difficultates
1164 1219 1198 1273 et

193 1326 392 1396 offensiones,
414 1329 532 1382 summa
554 1322 703 1397 protecto
726 1322 860 1382 infantia
876 1323 979 1382 videri
993 1324 1093 1394 ¹tiehet
1107 1322 1196 1382 Thu-

195 1434 337 1513 cydidis,
359 1435 412 1510 qui
436 1448 490 1492 eas
511 1449 626 1490 cavere
649 1449 711 1491 non
730 1435 882 1507 potuerit.
917 1431 1005 1500 Quiri
1019 1434 1102 1510 qnod
1122 1451 1196 1492 eon·

194 1546 298 1604 sitium
321 1561 447 1621 quoque
470 1548 506 1602 et
525 1546 746 1614 argumentum
768 1543 947 1603 sententiae
962 1541 1128 1602 manifesto
1143 1544 1198 1601 de·

195 1661 362 1726 monstrat,
390 1655 547 1713 erravisse
569 1651 772 1728 Popponem;
793 1671 855 1712 non
877 1654 961 1713 enim
982 1669 1056 1712 casn
1076 1655 1129 1726 nt,
1151 1658 1197 1724 ut,
1223 1733 1227 1739 1

195 1765 248 1840 qut
269 1769 365 1825 rebus
386 1763 536 1824 secundis
558 1779 619 1821 non
642 1763 770 1821 nimium
790 1762 963 1834 couniunt,
985 1764 1082 1822 iiriem
1102 1765 1198 1822 etiam

195 1877 346 1934 adversas
370 1875 561 1950 prudentius
583 1872 700 1952 ferant3
730 1889 834 1947 neque
857 1875 915 1932 hae
938 1878 1093 1949 tamquam
1116 1875 1198 1932 dnae

194 2001 247 2046 res
274 1993 384 2045 natura
410 1987 495 2042 inter
521 1998 556 2040 se
584 1980 764 2058 disjunctae
792 2000 830 2040 ae
858 1989 1023 2058 separatae
1044 1985 1199 2043 arbitratu

196 2094 331 2170 quodam
349 2085 561 2167 -Thucydiriis
584 2100 832 2166 componuntur,
854 2093 911 2150 seri
935 2093 1074 2168 intelligi
1096 2093 1199 2154 votuit

195 2205 326 2264 aiteram
350 2220 393 2262 ex
415 2202 518 2260 attera
539 2202 682 2276 pendere
703 2208 800 2276 atque
820 2201 925 2272 ethei3
948 2205 1054 2278 itaque
1073 2219 1130 2278 par
1150 2208 1200 2261 est

196 2315 362 2389 utriusque
385 2314 534 2387 dignitas,
547 2311 591 2369 rh
614 2312 697 2385 qnod
720 2287 797 2372 satis
813 2312 908 2370 etiam
928 2313 1111 2372 declaratur
1127 2329 1210 2402 ver-¹
1301 2347 1302 2351 =

196 2427 245 2485 ets
267 2425 348 2496 rurs,
381 2441 462 2499 quae
485 2423 630 2498 opposta
651 2423 713 2482 sur
734 2428 822 2491 sunt,
855 2411 995 2504 repeat
1015 2429 1049 2482 er
1070 2406 1106 2483 et
1126 2425 1206 2503 qap:

196 2525 312 2612 φοραί,
342 2539 377 2593 et
398 2533 597 2592 manifestum
619 2539 689 2607 est,
721 2551 783 2592 non
807 2549 898 2608 posse
920 2533 1051 2594 aiteram
1073 2539 1201 2593 senten·

197 2647 271 2704 tiam
290 2648 323 2704 in
346 2643 527 2719 parenthesi
550 2643 637 2716 poni,
659 2643 715 2700 sed
739 2649 789 2702 est
812 2662 847 2700 ea
870 2645 1019 2719 apodosis
1039 2647 1201 2721 aptissime

199 2774 269 2814 cum
291 2753 410 2830 protasi
433 2767 490 2810 sua
514 2737 692 2826 conjuncta.
738 2751 788 2811 Cf.
810 2751 865 2815 iih.
887 2752 916 2823 Ι,
939 2772 969 2812 a.
993 2751 1044 2816 et.
1071 2744 1107 2814 rh
1127 2749 1204 2831 βρο-

197 2854 239 2923 th
260 2854 319 2922 καὶ
340 2853 465 2943 μέλλω),
488 2849 505 2919 ὃ
528 2853 709 2940 μέμφονται
729 2849 872 2940 μάλιστα
893 2853 999 2940 ἡμῶν,
1021 2850 1065 2941 μὴ
1081 2851 1204 2936 ἀἰσχύ-

195 2983 296 3044 νεσθε
319 3005 333 3018 -
355 2962 415 3031 καὶ
436 2959 576 3030 δύναται
596 2959 740 3049 μάλιστα
761 2959 956 3047 σωφροσύνη
975 2958 1105 3051 ἔμφρων
1119 2966 1201 3030 τοῦτ’

112 3097 116 3105 “
197 3072 289 3144 εἶναι·
320 3071 412 3163 μόνοι
438 3071 506 3161 γὰρ
533 3073 571 3140 δι’
600 3069 681 3140 αὐτὸ
703 3071 894 3160 εὐπρακγίαις
914 3103 946 3140 ra
968 3073 1031 3140 οὐκ
1050 3072 1211 3159 ε’ξυβρίζο-’

197 3217 256 3276 μεν
279 3184 338 3253 καὶ
358 3191 537 3272 ξυμφοραῖς
559 3174 664 3264 ἧσσον
685 3183 799 3268 ἑτέρων
821 3177 954 3270 εἵκομεν.
998 3190 1066 3251 Seu
1089 3189 1202 3268 Poppo

197 3309 293 3365 etiam
317 3302 450 3379 protulit
472 3300 602 3378 aliquod
625 3304 856 3374 argumentum,
878 3318 941 3374 quo
961 3301 1081 3362 docere
1092 3302 1202 3361 studet

199 3419 318 3480 debere
340 3415 438 3472 verba
464 3411 535 3469 iiia:
573 3400 632 3469 καὶ
653 3410 721 3481 ταῖς
742 3410 921 3490 ξυμφοραῖς
942 3441 955 3454 -
976 3402 1205 3488 προσφέροιντο

199 3528 230 3587 in
255 3523 435 3603 parenthesi
460 3521 552 3594 poni3
573 3523 621 3579 ait
641 3523 738 3579 enim:
767 3521 1010 3591 „consitium
1033 3524 1203 3582 oratoris

199 3655 272 3696 non
294 3638 434 3710 potest
455 3630 492 3690 id
517 3646 629 3704 esse,
654 3635 712 3706 ut,
736 3630 872 3705 quales
893 3631 1068 3690 homines
1088 3632 1202 3702 maia,

202 3749 346 3820 quihus
367 3742 638 3804 Athenienses
659 3739 723 3798 hio
744 3740 789 3798 ad
816 3757 947 3813 pacem
969 3740 1201 3816 impellendi

202 3861 300 3915 tuno
321 3872 397 3914 non
419 3853 714 3928 premebantur,
749 3849 969 3924 prudenter
989 3843 1205 3912 tractaturi

202 3965 301 4035 sint,
323 3965 587 4035 demonstret,
610 3958 679 4016 seri
702 3963 743 4018 ut
764 3974 848 4030 eos,
870 3976 965 4033 quos
987 3965 1103 4018 antea
1128 3961 1205 4021 tor·

204 4082 333 4133 tunam
362 4087 525 4148 semper
558 4068 636 4128 sihi
668 4067 887 4129 secundam
923 4069 1017 4128 t'ore
1048 4086 1204 4144 sperare

204 4184 358 4252 vetuit,
399 4181 610 4260 prosperis
641 4183 762 4240 rebus
791 4180 995 4242 moderate
1024 4185 1206 4244 utendum
