3010 4812
623 353 626 360 “
669 402 709 412 -
753 367 794 434 20
837 403 878 412 -

274 541 447 627 quicquum¹
485 539 525 598 cle
562 541 679 600 itinere
714 524 772 600 suo
809 539 1023 600 Athenienses
1059 545 1274 611 rescivissent,

272 647 441 710 Ernlrutunr
467 667 653 726 progressus
679 658 737 711 est.
792 650 899 724 Atque
921 655 968 711 ibi
990 671 1083 726 quiunt
1106 653 1146 711 ‹le'
1169 654 1274 712 reditu

267 759 333 835 juni
357 761 515 834 cogitaret
537 750 585 837 (ro
606 741 750 820 nisteron
773 756 826 836 τῆς
847 750 982 841 γνώμης
1003 749 1114 838 engen),
1136 764 1272 823 nonduin

272 876 375 928 taruco
397 870 490 946 plane
515 877 621 930 certus
644 872 779 942 consilii,
801 889 863 930 uon
888 873 969 930 hunc
987 874 1019 930 ei
1034 891 1156 934 causam
1174 872 1272 932 fuisse

273 980 484 1057 Thucydides
512 981 632 1052 refert,
664 999 746 1054 quae
768 983 894 1054 quidem
918 987 949 1042 in
973 986 1035 1042 hoc
1058 986 1181 1044 homine
1205 986 1274 1039 erat

271 1091 407 1151 omniurn
430 1093 622 1164 gravissime,
644 1091 726 1163 qrrod
752 1092 838 1150 visus
861 1099 946 1154 esset
960 1099 1000 1154 etr
1014 1093 1272 1164 Atheniensibus,

270 1201 327 1258 secl
351 1201 435 1276 quod
458 1199 637 1276 Mytilenen
661 1199 796 1257 liberare
818 1220 881 1260 non
905 1209 1073 1278 potuisset.

355 1309 448 1370 Haec
465 1325 647 1384 quemquam
658 1309 807 1370 sufficere
823 1329 917 1386 posse
930 1314 1079 1372 vitientur
1090 1315 1129 1371 acl
1143 1316 1269 1374 destron-

270 1418 429 1478 strandum
457 1417 491 1475 itl
519 1419 603 1492 qurod
630 1418 720 1490 volo,
754 1421 865 1480 addent
893 1430 998 1482 tumen
1022 1425 1117 1482 etiarn
1140 1425 1272 1498 relique.

269 1529 388 1590 Verbis
415 1529 480 1587 illis
508 1547 576 1602 cup.
599 1525 649 1587 29.
676 1547 756 1604 quoe
784 1547 878 1606 supro
906 1535 997 1608 posui
1026 1538 1273 1592 consentaneum

270 1639 419 1699 estnihil
440 1638 527 1696 eliud
550 1640 732 1713 significari,
755 1655 846 1715 quum
863 1649 940 1702 tunc
958 1644 1068 1717 ipsum,
1092 1661 1185 1718 quum
1205 1641 1272 1701 De-

268 1750 333 1808 luru
352 1751 530 1823 attigerunt
550 1748 788 1824 Peloponnesii,
813 1756 948 1810 sensisse
967 1771 1075 1811 eorurn
1094 1755 1155 1812 iter
1168 1750 1271 1812 Attie-

192 1829 196 1847 ι
268 1862 395 1920 nienses
416 1848 489 1928 τοὺς
510 1847 547 1916 ἐκ
568 1851 622 1931 τῆς
642 1848 767 1930 πόλεως,
807 1861 892 1930 Quid
918 1864 1000 1921 enirn
1021 1863 1106 1922 aliud
1124 1869 1174 1921 cst
1189 1863 1271 1920 illuel

267 1958 473 2040 λανθάνουσι
498 1960 569 2068 reolo
596 1959 635 2044 δὴ
658 1965 696 2050 τῇ
715 1959 804 2046 Δήλῳ
826 1959 926 2048 ἔσχον
948 1975 1006 2031 nisi
1030 1975 1106 2034 ltncc
1139 1974 1269 2030 letne-

211 2062 214 2070 ’
267 2085 373 2151 runt,
408 2081 1002 2156 donecDelnrnuppulcrunt‘t
1044 2082 1092 2144 Et
1120 2101 1195 2140 vero
1220 2101 1268 2140 re·

269 2192 408 2251 ctissime
430 2193 491 2250 hoo
514 2191 640 2267 quidem
651 2191 763 2267 Poppo
788 2193 961 2261 intellexit,
984 2197 1037 2267 qui
1061 2195 1148 2251 ilicet
1158 2199 1191 2252 et
1205 2211 1266 2252 non

267 2299 368 2362 uisum
396 2319 466 2360 esse
496 2302 642 2362 Alcidaur
670 2314 835 2375 antequam
859 2302 973 2362 Delum
1003 2305 1195 2378 attingeret,
1234 2310 1268 2362 et

266 2417 366 2472 visum
392 2412 528 2470 eundern
550 2412 591 2470 ud
615 2410 753 2488 Clarum,
776 2431 837 2470 nou
861 2429 953 2486 posse
976 2431 1046 2470 euru
1063 2414 1102 2470 de
1120 2395 1180 2473 uno
1195 2414 1268 2470 loco

269 2524 421 2605 cogitare,
444 2539 507 2595 quo
529 2523 628 2580 semel
649 2523 735 2580 visus
757 2523 798 2580 sit
815 2522 961 2596 AlcidaS,
983 2524 1054 2596 quie
1071 2523 1184 2582 Clarus
1199 2524 1266 2581 lon-

268 2633 393 2704 gissime
416 2636 507 2692 olrest
528 2637 567 2690 uli
593 2632 685 2693 Delo.
730 2631 795 2691 Secl
819 2633 902 2691 idern
925 2638 1027 2692 tumen
1052 2631 1163 2707 Poppo
1186 2633 1266 2691 illud

266 2743 433 2802 ferendum
457 2759 526 2802 csse
551 2743 757 2818 existimavit,
790 2745 872 2816 qrroil
897 2745 949 2816 qui
972 2761 1033 2802 non
1056 2749 1127 2800 unte
1152 2742 1266 2802 Delurn

267 2863 301 2913 ct
329 2854 383 2928 qui
415 2857 502 2912 circs
524 2853 648 2912 lcerunr
672 2855 757 2911 visus
780 2867 849 2910 esse
873 2854 1013 2924 dicutur,
1050 2855 1078 2911 is
1099 2853 1211 2910 eodeni
1235 2854 1266 2910 in

265 2966 339 3023 loco
362 2982 401 3023 cc
423 2963 522 3022 semel
545 2965 631 3020 visus
652 2963 788 3036 intelligi
813 2965 944 3034 delicut3
969 2964 998 3020 iil
1020 2965 1102 3037 qrrod
1119 2981 1180 3037 ego
1198 2964 1266 3036 qui·

192 3082 195 3090 ’
266 3074 336 3132 dem
359 3091 420 3133 nun
442 3075 543 3146 magis
564 3072 641 3130 ferri
664 3089 757 3147 posse
779 3047 925 3134 erlritror.
960 3070 1025 3132 Cur
1040 3076 1121 3132 eninr
1140 3074 1265 3145 utrique

265 3186 420 3244 locutioni
448 3185 579 3242 eundern
613 3184 753 3240 tribucre
780 3186 966 3242 sententium
999 3186 1097 3255 nregis
1119 3186 1149 3242 in
1173 3183 1266 3242 lcuro

264 3297 365 3355 licent
393 3313 485 3368 quern
512 3296 543 3352 in
573 3292 687 3352 Clero‘t
725 3293 868 3350 nirnirunr
892 3297 965 3366 qnia
987 3298 1026 3352 alr
1050 3293 1133 3353 Delo
1156 3291 1266 3350 lcerus

265 3411 355 3466 abest
382 3405 520 3480 propius.
575 3404 621 3464 At
653 3421 714 3462 uon
742 3407 803 3460 turn
832 3421 948 3478 prope,
986 3409 1021 3462 ut
1048 3405 1147 3477 possit
1177 3405 1264 3478 quiesi

264 3516 420 3593 promisce
447 3513 558 3573 lcurus
586 3531 644 3589 pro
672 3512 757 3572 Delo
785 3513 867 3584 ‹lici3
907 3514 991 3588 quod
1019 3515 1047 3574 si
1069 3517 1100 3570 in
1123 3512 1265 3589 Mycono

264 3628 318 3686 vel
339 3619 472 3686 Rhenes
501 3622 579 3682 ferri
606 3622 704 3682 facile
734 3629 856 3698 potest,
893 3627 924 3684 in
948 3623 1042 3683 Icaro
1064 3641 1124 3682 non
1147 3627 1262 3698 potest.

263 3731 327 3800 Est
354 3736 436 3794 eninr
458 3733 569 3792 lcerus
594 3735 701 3792 medio
728 3734 828 3793 ferme
853 3735 966 3794 itinere
989 3738 1073 3794 inter
1094 3733 1208 3792 Delum
1231 3737 1266 3790 et

265 3846 403 3917 Clarum,
427 3851 462 3904 ct
483 3844 578 3921 paulo
600 3845 695 3904 etiarn
718 3847 848 3920 propius
866 3843 1001 3906 Clarum.
1041 3843 1214 3902 Praetereo
1231 3844 1262 3900 in
1344 3900 1348 3908 ,

263 3955 468 4018 iisdern¹illis
495 3956 600 4014 verbis
621 3956 697 4014 satis
720 3955 916 4014 murrifesturn
939 3961 1004 4023 est,
1040 3954 1156 4028 opponi
1180 3954 1264 4012 inter
1365 3975 1369 3984 ¹

264 4087 300 4130 se
328 4070 425 4128 hoec:
454 4055 524 4144 πρὶν
554 4054 593 4138 δὴ
624 4058 661 4145 τῇ
688 4053 777 4140 Δήλῳ
803 4052 903 4140 ἔσχον
925 4069 959 4122 et
979 4054 1207 4141 προσμίξαντες
1229 4053 1263 4122 δὲ

264 4171 316 4240 ἀπ’
340 4169 441 4250 αὐγῆς
462 4169 500 4256 τῇ
518 4163 635 4252 Ἰκάρῳ
656 4167 714 4235 καὶ
735 4163 885 4250 Μυκόνῳ·
909 4178 943 4234 ut
964 4176 1017 4249 qui
1035 4176 1115 4234 haec
1133 4175 1262 4247 legerit,
