3012 4796
627 432 667 448 -
715 383 862 467 113¹-
981 343 986 371 ¹

244 578 280 634 et
297 565 347 636 46.
368 570 454 632 idem
475 567 623 648 Spartani
644 571 795 634 fecerunt
816 572 850 632 in
871 565 975 644 Chiis3
996 566 1061 632 vid.
1073 569 1129 631 lib.
1147 567 1244 644 vlss,

245 700 274 742 c.
297 679 325 746 6.
354 699 452 758 qnare
479 683 508 741 si
536 682 591 756 qni
616 683 761 759 imparati
787 685 843 744 aut
869 681 966 743 etium
993 669 1083 758 παρὰ
1103 669 1244 762 δύναμιν

244 767 433 863 deficerent,
455 797 491 852 nt
512 792 559 851 ait
579 788 682 855 'Phoc
703 793 759 854 lib.
773 779 869 863 VIR,
889 808 917 853 c.
930 787 962 852 2.
980 789 1067 866 justa
1087 799 1127 850 ea
1139 789 1245 851 videri

244 901 384 962 debebat
405 901 572 960 excusatio
593 901 645 974 iis,
668 903 723 977 qni
743 900 825 962 teies
846 918 908 960 non
929 901 1114 977 reciperent
1127 901 1244 973 socios3

243 1013 326 1071 hanc
355 1011 456 1086 igitur
482 1012 720 1070 excusationem
742 1008 900 1072 Corinthii
920 1010 1009 1071 nullo
1030 1010 1125 1071 modo
1145 1009 1243 1072 relin-

244 1107 346 1195 quere
377 1126 549 1196 potnerunt
578 1118 854 1182 Lacedaemoniis.
1174 1125 1176 1132 “

328 1228 423 1290 Haud
436 1232 536 1290 rarius
545 1221 607 1290 καί
611 1230 769 1307 particula
777 1248 836 1306 per
847 1246 987 1290 errorem
997 1228 1110 1290 omissa
1117 1233 1177 1308 est,
1187 1239 1244 1290 ve·

243 1340 306 1401 loti
325 1341 355 1399 ii
365 1345 394 1403 b.
404 1336 473 1412 Vl,
489 1358 517 1403 c.
533 1337 659 1406 72111νί
674 1326 827 1411 ὐῖλλωςεε
844 1358 902 1418 pro
918 1324 1027 1410 ἄλλως
1042 1355 1075 1399 νε
1091 1330 1153 1398 καί
1164 1341 1244 1400 scri-

243 1451 343 1527 psisse
355 1449 594 1529 Thucydidem,
605 1450 878 1525 mihiqnidemoon
887 1450 1152 1527 persuadeturiis,
1163 1469 1245 1526 quae

243 1564 284 1620 eb
298 1553 369 1620 aliis
383 1565 418 1620 et
432 1560 473 1619 nd
489 1561 568 1621 alios
582 1562 757 1636 scriptores
778 1559 820 1618 de
834 1549 1019 1634 dnitnsdam
1038 1560 1144 1620 dubiis
1164 1560 1246 1622 locis

244 1671 406 1746 disputata
426 1670 538 1746 Poppo
559 1672 704 1751 breuiter
719 1668 841 1729 indicat
860 1669 900 1728 de
916 1685 974 1729 sun
986 1672 1145 1730 sententia
1157 1687 1244 1730 more

244 1794 302 1838 sno
323 1784 443 1839 tacens.
488 1778 554 1839 Sed
576 1778 735 1855 proferam
755 1796 841 1840 nnnc
862 1779 958 1839 alium
979 1779 1103 1853 locum,
1124 1781 1158 1840 in
1182 1795 1247 1857 quo

244 1890 297 1947 vei
318 1865 380 1948 ναί
397 1889 451 1948 vel
475 1880 511 1948 τέ
530 1888 690 1948 excidisse
712 1906 805 1949 nemo
827 1889 931 1949 adhuc
951 1889 1044 1954 vidit.
1078 1887 1157 1950 Nam
1179 1892 1246 1953 lio.

244 1997 312 2069 lV,
335 2015 363 2058 c.
386 1993 440 2058 32.
464 2000 496 2056 in
517 1999 579 2058 iris:
600 1986 675 2067 rode
695 1986 753 2077 μὲν
774 1985 915 2075 πρώτους
935 1985 1098 2076 φύλακας,
1119 1987 1166 2069 οἷς
1183 1994 1249 2062 ἐπέ-

154 2171 158 2178 ,
244 2104 381 2186 δραμον,
401 2096 502 2177 εὐβύς
523 2098 768 2185 deant-sipontum
788 2093 823 2166 ἕν
843 2128 877 2167 νε
898 2105 967 2178 ναῖς
982 2098 1092 2179 εὐναῖς
1106 2097 1150 2169 ἔτι
1169 2102 1248 2171 οἰνα-

244 2205 473 2296 λαμβοίνονεας
507 2207 549 2277 nd
580 2205 681 2296 dona,
702 2197 773 2276 ’καὶ
802 2203 969 2288 λαθόντες
986 2206 1043 2292 τὴν
1073 2206 1247 2298 ἀπόβασιν.

150 2368 156 2379 ,
245 2327 375 2386 videtur
400 2329 476 2387 milri
498 2336 553 2388 ant
573 2319 634 2388 καί
652 2327 706 2387 vel
727 2328 823 2388 etium
843 2311 865 2402 ἤ
886 2330 958 2402 post
978 2313 1022 2385 ἔτι
1042 2334 1098 2389 aut
1117 2321 1154 2388 re'
1171 2333 1247 2390 ante

246 2427 286 2497 roi
315 2424 398 2496 datto
425 2439 604 2498 addendum
631 2453 719 2515 esse,
756 2441 811 2498 ont
841 2437 980 2513 deniqne
1001 2427 1068 2496 ααί
1091 2439 1176 2514 qnod
1198 2445 1248 2502 est

245 2551 320 2607 ante
344 2540 501 2640 λαβόντες
535 2547 798 2624 transponendum
830 2552 905 2608 ante
934 2537 1248 2632 ἀναλαμβάνοντας

246 2659 279 2716 in
313 2675 376 2732 quo
406 2677 446 2717 ne
478 2659 548 2732 quis
579 2656 663 2718 forte
695 2657 794 2735 priori
826 2661 966 2718 membro
997 2651 1140 2719 additum
1167 2661 1249 2722 velit

246 2769 375 2843 aliquod
418 2768 620 2845 participium
658 2766 762 2827 veluti
796 2750 892 2837 duran
925 2766 979 2826 vel
993 2748 997 2753 ,
1013 2759 1250 2848 καθεύδοντας,

247 2881 410 2953 computet
435 2878 489 2940 lto.
511 2875 575 2949 Ill,
600 2895 628 2940 c.
651 2873 722 2936 112.
744 2866 890 2936 ἶεπιπῖπεει
917 2874 980 2945 τοῖς
998 2866 1251 2956 Ἀμπρακιῶταις

246 2975 291 3047 ἔτι
310 2982 345 3046 ἐν
366 2987 436 3057 ταῖς
453 2979 564 3057 εὐναῖς
581 2976 640 3046 καὶ
658 2978 698 3046 οὐ
714 2978 968 3068 προῃσθημένοις
981 2975 1023 3045 τοὶ
1034 2979 1249 3067 γεγενημένα
1361 2991 1363 2998 ’

246 3104 283 3157 et
304 3113 383 3173 qnos
403 3102 571 3174 praeterea
592 3096 725 3156 aliorum
747 3098 838 3156 iocos
852 3097 1028 3158 attulerunt
1045 3097 1248 3172 interpretes.

247 3205 400 3268 Ceterum
428 3224 481 3267 res
510 3208 656 3266 diversae
678 3212 752 3268 sunt
772 3179 871 3267 Z‘rr'dv
893 3206 961 3277 unic
982 3197 1093 3275 εὐναῖς
1113 3191 1197 3265 εἶναι
1216 3210 1251 3266 et

246 3305 494 3398 ἀναλαμβάνειν
520 3307 562 3378 roi
586 3305 684 3396 ὅπλα,
714 3336 809 3395 quum
834 3320 1022 3392 ingruentes
1041 3317 1150 3376 hostes
1170 3317 1251 3378 alios

246 3429 409 3488 etiamtum
436 3445 497 3503 per
524 3429 644 3488 cubilia
663 3434 780 3489 stratos
802 3433 836 3489 et
857 3428 1050 3488 dormientes
1071 3426 1248 3501 deprehen-

147 3537 159 3604 ',
246 3537 340 3615 dunt,
361 3538 444 3597 aiios
459 3538 526 3614 jam
548 3538 677 3613 quidem
698 3539 859 3600 excitatos
879 3538 937 3597 sed
950 3536 1087 3597 nondum
1103 3540 1248 3596 armatos.

248 3646 336 3716 Quid
366 3647 452 3722 quud
483 3647 567 3708 iliud
599 3649 693 3708 etium
721 3648 797 3709 addi
829 3649 929 3725 possit
956 3647 1135 3722 argumenti
1162 3646 1249 3718 loco,

247 3776 309 3818 non
333 3757 432 3818 inisse
454 3758 579 3819 omnino
600 3774 686 3819 erma
700 3752 737 3818 ἐν
753 3757 822 3830 ταῖς
836 3750 957 3832 εὐναῖς,
978 3756 1136 3834 siquidem
1157 3759 1248 3814 recte

246 3865 435 3942 Krnegerns
456 3870 577 3928 monuit
597 3869 637 3929 ad
658 3868 805 3947 Xenoph.
830 3867 933 3932 Anab.
951 3866 998 3942 11,
1019 3865 1051 3940 2,
1073 3862 1124 3925 20.
1147 3869 1182 3924 et
1205 3867 1248 3924 ib.

246 3979 278 4037 in
300 3978 363 4041 ind.
380 3995 410 4042 v.
433 3964 537 4056 ὅπλον,
559 3977 704 4040 Graecos
724 3981 837 4044 solitos
858 3995 942 4051 esse,
963 3983 1000 4040 nt
1020 3992 1088 4050 nos,
1110 3991 1195 4034 arms
1216 3975 1249 4034 in

248 4086 352 4147 fronte
382 4093 554 4153 castrorum
587 4105 795 4168 componere,
830 4093 867 4152 nt
895 4087 1073 4168 oportuerit
1099 4105 1118 4146 e
1150 4084 1249 4148 cubili
