<?xml version="1.0" encoding="UTF-8"?>
<!DOCTYPE html PUBLIC "-//W3C//DTD XHTML 1.0 Transitional//EN"
    "http://www.w3.org/TR/xhtml1/DTD/xhtml1-transitional.dtd">
<html xmlns="http://www.w3.org/1999/xhtml" xml:lang="en" lang="en">
 <head>
  <title>
</title>
<meta http-equiv="Content-Type" content="text/html;charset=utf-8" />
  <meta name='ocr-system' content='tesseract 3.04.00' />
  <meta name='ocr-capabilities' content='ocr_page ocr_carea ocr_par ocr_line ocrx_word'/>
</head>
<body>
  <div class='ocr_page' id='page_1' title='image "./frhaasiilucubra00haasgoog_0066.png"; bbox 0 0 3010 4812; ppageno 0'>
   <div class='ocr_carea' id='block_1_1' title="bbox 586 401 798 468">
    <p class='ocr_par' dir='ltr' id='par_1_1' title="bbox 586 401 798 468">
     <span class='ocr_line' id='line_1_1' title="bbox 586 401 798 468; baseline -0.038 1"><span class='ocrx_word' id='word_1_1' title='bbox 586 401 798 468; x_wconf 32' lang='lat'>-=51.-</span> 
     </span>
    </p>
   </div>
   <div class='ocr_carea' id='block_1_2' title="bbox 108 571 1192 2411">
    <p class='ocr_par' dir='ltr' id='par_1_2' title="bbox 108 571 1192 2411">
     <span class='ocr_line' id='line_1_2' title="bbox 189 571 1192 666; baseline 0.003 -37"><span class='ocrx_word' id='word_1_2' title='bbox 189 571 401 646; x_wconf 75' lang='lat' dir='ltr'>ingemiscens</span> <span class='ocrx_word' id='word_1_3' title='bbox 438 589 633 632; x_wconf 85' lang='lat' dir='ltr'>communem</span> <span class='ocrx_word' id='word_1_4' title='bbox 673 573 770 634; x_wconf 85' lang='lat' dir='ltr'>etiam</span> <span class='ocrx_word' id='word_1_5' title='bbox 814 571 951 633; x_wconf 89' lang='lat' dir='ltr'>adderet</span> <span class='ocrx_word' id='word_1_6' title='bbox 985 573 1192 666; x_wconf 66' lang='lat' dir='ltr'>senteutiam3</span> 
     </span>
     <span class='ocr_line' id='line_1_3' title="bbox 189 681 1190 770; baseline -0.001 -27"><span class='ocrx_word' id='word_1_7' title='bbox 189 681 275 757; x_wconf 91' lang='lat' dir='ltr'>quod</span> <span class='ocrx_word' id='word_1_8' title='bbox 295 683 358 770; x_wconf 85' lang='lat' dir='ltr'>ipsi</span> <span class='ocrx_word' id='word_1_9' title='bbox 379 681 471 742; x_wconf 87' lang='lat' dir='ltr'>uobis</span> <span class='ocrx_word' id='word_1_10' title='bbox 492 682 590 742; x_wconf 78' lang='lat' dir='ltr'>facile</span> <span class='ocrx_word' id='word_1_11' title='bbox 613 681 829 754; x_wconf 80' lang='lat' dir='ltr'>concedimus,</span> <span class='ocrx_word' id='word_1_12' title='bbox 850 683 936 740; x_wconf 90' lang='lat' dir='ltr'>idem</span> <span class='ocrx_word' id='word_1_13' title='bbox 958 697 1056 756; x_wconf 79' lang='lat' dir='ltr'>saepe</span> <span class='ocrx_word' id='word_1_14' title='bbox 1072 683 1106 740; x_wconf 86' lang='lat' dir='ltr'>in</span> <span class='ocrx_word' id='word_1_15' title='bbox 1118 683 1190 742; x_wconf 86' lang='lat' dir='ltr'>allis</span> 
     </span>
     <span class='ocr_line' id='line_1_4' title="bbox 108 791 1188 878; baseline 0.002 -28"><span class='ocrx_word' id='word_1_16' title='bbox 108 871 112 878; x_wconf 25' lang='grc' dir='ltr'>ι</span> <span class='ocrx_word' id='word_1_17' title='bbox 189 809 287 864; x_wconf 69' lang='lat' dir='ltr'>aegre</span> <span class='ocrx_word' id='word_1_18' title='bbox 307 792 455 863; x_wconf 79' lang='lat' dir='ltr'>ferirnus3</span> <span class='ocrx_word' id='word_1_19' title='bbox 477 791 591 850; x_wconf 88' lang='lat' dir='ltr'>melius</span> <span class='ocrx_word' id='word_1_20' title='bbox 612 792 669 850; x_wconf 91' lang='lat' dir='ltr'>ille</span> <span class='ocrx_word' id='word_1_21' title='bbox 690 793 775 852; x_wconf 79' lang='lat' dir='ltr'>hand</span> <span class='ocrx_word' id='word_1_22' title='bbox 798 792 895 852; x_wconf 87' lang='lat' dir='ltr'>dubie</span> <span class='ocrx_word' id='word_1_23' title='bbox 916 791 1076 868; x_wconf 81' lang='lat' dir='ltr'>facturus,</span> <span class='ocrx_word' id='word_1_24' title='bbox 1098 792 1126 850; x_wconf 88' lang='lat' dir='ltr'>si</span> <span class='ocrx_word' id='word_1_25' title='bbox 1148 793 1188 852; x_wconf 91' lang='lat' dir='ltr'>de</span> 
     </span>
     <span class='ocr_line' id='line_1_5' title="bbox 188 902 1188 978; baseline 0.004 -20"><span class='ocrx_word' id='word_1_26' title='bbox 188 902 256 976; x_wconf 84' lang='lat' dir='ltr'>ipsa</span> <span class='ocrx_word' id='word_1_27' title='bbox 277 919 313 960; x_wconf 89' lang='lat' dir='ltr'>re</span> <span class='ocrx_word' id='word_1_28' title='bbox 336 903 592 977; x_wconf 73' lang='lat' dir='ltr'>argumentisque</span> <span class='ocrx_word' id='word_1_29' title='bbox 614 921 634 961; x_wconf 84' lang='lat' dir='ltr'>a</span> <span class='ocrx_word' id='word_1_30' title='bbox 654 921 704 962; x_wconf 87' lang='lat' dir='ltr'>me</span> <span class='ocrx_word' id='word_1_31' title='bbox 727 903 859 978; x_wconf 85' lang='lat' dir='ltr'>prolatis</span> <span class='ocrx_word' id='word_1_32' title='bbox 878 918 1032 976; x_wconf 74' lang='lat' dir='ltr'>quaerere</span> <span class='ocrx_word' id='word_1_33' title='bbox 1050 902 1188 978; x_wconf 78' lang='lat' dir='ltr'>diligen·</span> 
     </span>
     <span class='ocr_line' id='line_1_6' title="bbox 189 1011 1187 1087; baseline 0 -17"><span class='ocrx_word' id='word_1_34' title='bbox 189 1011 432 1083; x_wconf 28' lang='lat' dir='ltr'>tertvolnissem</span> <span class='ocrx_word' id='word_1_35' title='bbox 454 1030 516 1072; x_wconf 89' lang='lat' dir='ltr'>non</span> <span class='ocrx_word' id='word_1_36' title='bbox 539 1016 644 1071; x_wconf 69' lang='lat' dir='ltr'>aretem</span> <span class='ocrx_word' id='word_1_37' title='bbox 666 1013 744 1073; x_wconf 88' lang='lat' dir='ltr'>satis</span> <span class='ocrx_word' id='word_1_38' title='bbox 764 1012 927 1072; x_wconf 83' lang='lat' dir='ltr'>habuisset</span> <span class='ocrx_word' id='word_1_39' title='bbox 948 1027 1125 1087; x_wconf 83' lang='lat' dir='ltr'>provocare</span> <span class='ocrx_word' id='word_1_40' title='bbox 1147 1013 1187 1071; x_wconf 85' lang='lat' dir='ltr'>ad</span> 
     </span>
     <span class='ocr_line' id='line_1_7' title="bbox 188 1121 1188 1198; baseline -0.001 -16"><span class='ocrx_word' id='word_1_41' title='bbox 188 1121 344 1182; x_wconf 86' lang='lat' dir='ltr'>Meierum</span> <span class='ocrx_word' id='word_1_42' title='bbox 367 1123 469 1181; x_wconf 85' lang='lat' dir='ltr'>virum</span> <span class='ocrx_word' id='word_1_43' title='bbox 491 1124 806 1198; x_wconf 85' lang='lat' dir='ltr'>praestantissimum,</span> <span class='ocrx_word' id='word_1_44' title='bbox 829 1121 884 1182; x_wconf 88' lang='lat' dir='ltr'>eui</span> <span class='ocrx_word' id='word_1_45' title='bbox 905 1138 969 1193; x_wconf 77' lang='lat' dir='ltr'>ego</span> <span class='ocrx_word' id='word_1_46' title='bbox 990 1121 1088 1184; x_wconf 86' lang='lat' dir='ltr'>multa</span> <span class='ocrx_word' id='word_1_47' title='bbox 1109 1122 1188 1182; x_wconf 89' lang='lat' dir='ltr'>mul·</span> 
     </span>
     <span class='ocr_line' id='line_1_8' title="bbox 188 1231 1186 1306; baseline 0.002 -16"><span class='ocrx_word' id='word_1_48' title='bbox 188 1233 230 1290; x_wconf 89' lang='lat' dir='ltr'>tis</span> <span class='ocrx_word' id='word_1_49' title='bbox 257 1231 435 1292; x_wconf 88' lang='lat' dir='ltr'>nominibus</span> <span class='ocrx_word' id='word_1_50' title='bbox 461 1232 582 1303; x_wconf 89' lang='lat' dir='ltr'>debeo;</span> <span class='ocrx_word' id='word_1_51' title='bbox 617 1235 672 1305; x_wconf 91' lang='lat' dir='ltr'>qui</span> <span class='ocrx_word' id='word_1_52' title='bbox 698 1249 793 1306; x_wconf 88' lang='lat' dir='ltr'>quum</span> <span class='ocrx_word' id='word_1_53' title='bbox 820 1234 854 1292; x_wconf 90' lang='lat' dir='ltr'>iu</span> <span class='ocrx_word' id='word_1_54' title='bbox 880 1236 944 1295; x_wconf 87' lang='lat' dir='ltr'>act.</span> <span class='ocrx_word' id='word_1_55' title='bbox 971 1231 1034 1294; x_wconf 78' lang='lat' dir='ltr'>litt</span> <span class='ocrx_word' id='word_1_56' title='bbox 1061 1231 1137 1294; x_wconf 75' lang='lat' dir='ltr'>iim</span> <span class='ocrx_word' id='word_1_57' title='bbox 1157 1253 1186 1292; x_wconf 88' lang='lat' dir='ltr'>a.</span> 
     </span>
     <span class='ocr_line' id='line_1_9' title="bbox 189 1335 1186 1419; baseline 0.002 -19"><span class='ocrx_word' id='word_1_58' title='bbox 189 1337 282 1404; x_wconf 69' lang='lat'><strong>1834.</strong></span> <span class='ocrx_word' id='word_1_59' title='bbox 303 1338 360 1400; x_wconf 80' lang='lat' dir='ltr'>Nn.</span> <span class='ocrx_word' id='word_1_60' title='bbox 383 1335 442 1400; x_wconf 79' lang='lat' dir='ltr'>tlt</span> <span class='ocrx_word' id='word_1_61' title='bbox 466 1355 511 1416; x_wconf 88' lang='lat' dir='ltr'>sq.</span> <span class='ocrx_word' id='word_1_62' title='bbox 533 1343 594 1401; x_wconf 90' lang='lat' dir='ltr'>mei</span> <span class='ocrx_word' id='word_1_63' title='bbox 615 1343 691 1400; x_wconf 90' lang='lat' dir='ltr'>libri</span> <span class='ocrx_word' id='word_1_64' title='bbox 707 1358 872 1402; x_wconf 75' lang='lat' dir='ltr'>censuram</span> <span class='ocrx_word' id='word_1_65' title='bbox 894 1348 1018 1419; x_wconf 81' lang='lat' dir='ltr'>ageret,</span> <span class='ocrx_word' id='word_1_66' title='bbox 1042 1361 1186 1418; x_wconf 84' lang='lat' dir='ltr'>compro·</span> 
     </span>
     <span class='ocr_line' id='line_1_10' title="bbox 168 1449 1187 1528; baseline -0.001 -17"><span class='ocrx_word' id='word_1_67' title='bbox 168 1497 170 1502; x_wconf 33' lang='lat' dir='ltr'>s</span> <span class='ocrx_word' id='word_1_68' title='bbox 188 1453 270 1511; x_wconf 87' lang='lat' dir='ltr'>batis</span> <span class='ocrx_word' id='word_1_69' title='bbox 292 1449 412 1511; x_wconf 89' lang='lat' dir='ltr'>duabus</span> <span class='ocrx_word' id='word_1_70' title='bbox 433 1469 476 1510; x_wconf 84' lang='lat' dir='ltr'>ex</span> <span class='ocrx_word' id='word_1_71' title='bbox 498 1455 576 1512; x_wconf 90' lang='lat' dir='ltr'>meis</span> <span class='ocrx_word' id='word_1_72' title='bbox 593 1453 890 1528; x_wconf 76' lang='lat' dir='ltr'>transpositionibus</span> <span class='ocrx_word' id='word_1_73' title='bbox 909 1452 1049 1526; x_wconf 88' lang='lat' dir='ltr'>reliquas</span> <span class='ocrx_word' id='word_1_74' title='bbox 1068 1453 1187 1527; x_wconf 83' lang='lat' dir='ltr'>impro-</span> 
     </span>
     <span class='ocr_line' id='line_1_11' title="bbox 189 1561 1187 1649; baseline 0 -28"><span class='ocrx_word' id='word_1_75' title='bbox 189 1563 277 1621; x_wconf 85' lang='lat' dir='ltr'>bavit</span> <span class='ocrx_word' id='word_1_76' title='bbox 298 1564 492 1636; x_wconf 78' lang='lat' dir='ltr'>argumentis</span> <span class='ocrx_word' id='word_1_77' title='bbox 512 1568 616 1622; x_wconf 90' lang='lat' dir='ltr'>motus</span> <span class='ocrx_word' id='word_1_78' title='bbox 636 1561 805 1639; x_wconf 90' lang='lat' dir='ltr'>ejusmodi,</span> <span class='ocrx_word' id='word_1_79' title='bbox 828 1569 864 1622; x_wconf 91' lang='lat' dir='ltr'>ut</span> <span class='ocrx_word' id='word_1_80' title='bbox 885 1563 961 1622; x_wconf 86' lang='lat' dir='ltr'>milri</span> <span class='ocrx_word' id='word_1_81' title='bbox 980 1580 1041 1621; x_wconf 91' lang='lat' dir='ltr'>uon</span> <span class='ocrx_word' id='word_1_82' title='bbox 1057 1578 1187 1649; x_wconf 89' lang='lat' dir='ltr'>persua·</span> 
     </span>
     <span class='ocr_line' id='line_1_12' title="bbox 188 1670 1188 1764; baseline 0.003 -35"><span class='ocrx_word' id='word_1_83' title='bbox 188 1671 292 1732; x_wconf 84' lang='lat' dir='ltr'>deret.</span> <span class='ocrx_word' id='word_1_84' title='bbox 335 1670 402 1764; x_wconf 61' lang='lat' dir='ltr'>Sed</span> <span class='ocrx_word' id='word_1_85' title='bbox 431 1671 472 1730; x_wconf 89' lang='lat' dir='ltr'>de</span> <span class='ocrx_word' id='word_1_86' title='bbox 501 1671 724 1749; x_wconf 82' lang='lat' dir='ltr'>Xenophontis</span> <span class='ocrx_word' id='word_1_87' title='bbox 750 1673 879 1759; x_wconf 87' lang='lat' dir='ltr'>quidem</span> <span class='ocrx_word' id='word_1_88' title='bbox 905 1672 988 1731; x_wconf 89' lang='lat' dir='ltr'>locis</span> <span class='ocrx_word' id='word_1_89' title='bbox 1014 1691 1098 1734; x_wconf 89' lang='lat' dir='ltr'>nuuc</span> <span class='ocrx_word' id='word_1_90' title='bbox 1125 1692 1188 1734; x_wconf 93' lang='lat' dir='ltr'>uon</span> 
     </span>
     <span class='ocr_line' id='line_1_13' title="bbox 187 1780 1188 1862; baseline 0.001 -21"><span class='ocrx_word' id='word_1_91' title='bbox 187 1801 293 1856; x_wconf 79' lang='lat' dir='ltr'>agam3</span> <span class='ocrx_word' id='word_1_92' title='bbox 315 1780 490 1858; x_wconf 81' lang='lat' dir='ltr'>praefanda</span> <span class='ocrx_word' id='word_1_93' title='bbox 510 1788 615 1842; x_wconf 68' lang='lat' dir='ltr'>numm</span> <span class='ocrx_word' id='word_1_94' title='bbox 637 1781 694 1841; x_wconf 93' lang='lat' dir='ltr'>illa</span> <span class='ocrx_word' id='word_1_95' title='bbox 718 1783 808 1852; x_wconf 84' lang='lat' dir='ltr'>duxi,</span> <span class='ocrx_word' id='word_1_96' title='bbox 831 1801 871 1842; x_wconf 87' lang='lat' dir='ltr'>ue</span> <span class='ocrx_word' id='word_1_97' title='bbox 892 1783 962 1857; x_wconf 88' lang='lat' dir='ltr'>quis</span> <span class='ocrx_word' id='word_1_98' title='bbox 978 1782 1188 1862; x_wconf 80' lang='lat' dir='ltr'>inposterum</span> 
     </span>
     <span class='ocr_line' id='line_1_14' title="bbox 186 1892 1188 1969; baseline 0.004 -19"><span class='ocrx_word' id='word_1_99' title='bbox 186 1893 270 1951; x_wconf 87' lang='lat' dir='ltr'>adeo</span> <span class='ocrx_word' id='word_1_100' title='bbox 291 1893 346 1952; x_wconf 86' lang='lat' dir='ltr'>vel</span> <span class='ocrx_word' id='word_1_101' title='bbox 368 1894 485 1969; x_wconf 85' lang='lat' dir='ltr'>injuste</span> <span class='ocrx_word' id='word_1_102' title='bbox 507 1892 560 1951; x_wconf 87' lang='lat' dir='ltr'>vel</span> <span class='ocrx_word' id='word_1_103' title='bbox 583 1893 701 1952; x_wconf 77' lang='lat' dir='ltr'>leviter</span> <span class='ocrx_word' id='word_1_104' title='bbox 709 1892 851 1968; x_wconf 85' lang='lat' dir='ltr'>judicet,</span> <span class='ocrx_word' id='word_1_105' title='bbox 872 1899 907 1952; x_wconf 91' lang='lat' dir='ltr'>ut</span> <span class='ocrx_word' id='word_1_106' title='bbox 928 1910 978 1952; x_wconf 89' lang='lat' dir='ltr'>me</span> <span class='ocrx_word' id='word_1_107' title='bbox 995 1895 1188 1954; x_wconf 86' lang='lat' dir='ltr'>melstrans·</span> 
     </span>
     <span class='ocr_line' id='line_1_15' title="bbox 188 2002 1189 2079; baseline 0.001 -18"><span class='ocrx_word' id='word_1_108' title='bbox 188 2002 399 2079; x_wconf 79' lang='lat' dir='ltr'>positionibus</span> <span class='ocrx_word' id='word_1_109' title='bbox 420 2004 552 2063; x_wconf 78' lang='lat' dir='ltr'>ninnium</span> <span class='ocrx_word' id='word_1_110' title='bbox 579 2003 755 2078; x_wconf 85' lang='lat' dir='ltr'>delectari,</span> <span class='ocrx_word' id='word_1_111' title='bbox 787 2003 920 2061; x_wconf 91' lang='lat' dir='ltr'>aliorum</span> <span class='ocrx_word' id='word_1_112' title='bbox 942 2019 1051 2060; x_wconf 88' lang='lat' dir='ltr'>omnes</span> <span class='ocrx_word' id='word_1_113' title='bbox 1071 2004 1189 2078; x_wconf 89' lang='lat' dir='ltr'>impro-</span> 
     </span>
     <span class='ocr_line' id='line_1_16' title="bbox 189 2113 1189 2192; baseline 0.001 -21"><span class='ocrx_word' id='word_1_114' title='bbox 189 2117 265 2171; x_wconf 86' lang='lat' dir='ltr'>bare</span> <span class='ocrx_word' id='word_1_115' title='bbox 292 2114 455 2192; x_wconf 78' lang='lat' dir='ltr'>opinetur3</span> <span class='ocrx_word' id='word_1_116' title='bbox 489 2130 592 2186; x_wconf 88' lang='lat' dir='ltr'>neque</span> <span class='ocrx_word' id='word_1_117' title='bbox 624 2115 708 2173; x_wconf 91' lang='lat' dir='ltr'>enim</span> <span class='ocrx_word' id='word_1_118' title='bbox 739 2113 816 2171; x_wconf 86' lang='lat' dir='ltr'>alias</span> <span class='ocrx_word' id='word_1_119' title='bbox 849 2116 880 2172; x_wconf 91' lang='lat' dir='ltr'>iu</span> <span class='ocrx_word' id='word_1_120' title='bbox 913 2114 953 2170; x_wconf 89' lang='lat' dir='ltr'>iis</span> <span class='ocrx_word' id='word_1_121' title='bbox 986 2113 1189 2172; x_wconf 82' lang='lat' dir='ltr'>aestimandis</span> 
     </span>
     <span class='ocr_line' id='line_1_17' title="bbox 189 2223 1187 2296; baseline 0.002 -16"><span class='ocrx_word' id='word_1_122' title='bbox 189 2223 282 2296; x_wconf 80' lang='lat' dir='ltr'>leges</span> <span class='ocrx_word' id='word_1_123' title='bbox 309 2223 486 2296; x_wconf 87' lang='lat' dir='ltr'>sequendas</span> <span class='ocrx_word' id='word_1_124' title='bbox 515 2239 585 2282; x_wconf 89' lang='lat' dir='ltr'>esse</span> <span class='ocrx_word' id='word_1_125' title='bbox 613 2227 718 2283; x_wconf 84' lang='lat' dir='ltr'>statuo</span> <span class='ocrx_word' id='word_1_126' title='bbox 745 2239 837 2296; x_wconf 86' lang='lat' dir='ltr'>quam</span> <span class='ocrx_word' id='word_1_127' title='bbox 863 2225 894 2281; x_wconf 91' lang='lat' dir='ltr'>in</span> <span class='ocrx_word' id='word_1_128' title='bbox 922 2223 1054 2296; x_wconf 87' lang='lat' dir='ltr'>reliquis</span> <span class='ocrx_word' id='word_1_129' title='bbox 1078 2241 1187 2282; x_wconf 84' lang='lat' dir='ltr'>emen·</span> 
     </span>
     <span class='ocr_line' id='line_1_18' title="bbox 190 2331 1115 2411; baseline 0.002 -21"><span class='ocrx_word' id='word_1_130' title='bbox 190 2331 286 2390; x_wconf 89' lang='lat' dir='ltr'>dandi</span> <span class='ocrx_word' id='word_1_131' title='bbox 307 2334 487 2406; x_wconf 81' lang='lat' dir='ltr'>generibus.</span> <span class='ocrx_word' id='word_1_132' title='bbox 529 2331 626 2393; x_wconf 84' lang='lat' dir='ltr'>Nunc</span> <span class='ocrx_word' id='word_1_133' title='bbox 648 2334 687 2390; x_wconf 92' lang='lat' dir='ltr'>ad</span> <span class='ocrx_word' id='word_1_134' title='bbox 711 2332 937 2411; x_wconf 79' lang='lat' dir='ltr'>Thucydidem</span> <span class='ocrx_word' id='word_1_135' title='bbox 958 2337 1115 2392; x_wconf 88' lang='lat' dir='ltr'>revertor.</span> 
     </span>
    </p>
   </div>
   <div class='ocr_carea' id='block_1_3' title="bbox 272 2429 1191 2528">
    <p class='ocr_par' dir='ltr' id='par_1_3' title="bbox 272 2429 1191 2528">
     <span class='ocr_line' id='line_1_19' title="bbox 272 2429 1191 2528; baseline -0.003 -23"><span class='ocrx_word' id='word_1_136' title='bbox 272 2433 381 2506; x_wconf 74' lang='lat' dir='ltr'>Iassl·</span> <span class='ocrx_word' id='word_1_137' title='bbox 402 2435 476 2528; x_wconf 72' lang='lat' dir='ltr'>ll,</span> <span class='ocrx_word' id='word_1_138' title='bbox 498 2452 605 2524; x_wconf 63' lang='lat' dir='ltr'>(tillia</span> <span class='ocrx_word' id='word_1_139' title='bbox 626 2441 673 2508; x_wconf 71' lang='grc'>4.</span> <span class='ocrx_word' id='word_1_140' title='bbox 695 2435 900 2504; x_wconf 61' lang='grc' dir='ltr'>ἕσπίπιουσιν</span> <span class='ocrx_word' id='word_1_141' title='bbox 915 2437 947 2512; x_wconf 76' lang='grc' dir='ltr'>ἐς</span> <span class='ocrx_word' id='word_1_142' title='bbox 961 2429 1081 2521; x_wconf 73' lang='grc' dir='ltr'><em>οἴκημα</em></span> <span class='ocrx_word' id='word_1_143' title='bbox 1090 2433 1191 2522; x_wconf 75' lang='grc' dir='ltr'><em>μέγα,</em></span> 
     </span>
    </p>
   </div>
   <div class='ocr_carea' id='block_1_4' title="bbox 189 2534 1192 2632">
    <p class='ocr_par' dir='ltr' id='par_1_4' title="bbox 189 2534 1192 2632">
     <span class='ocr_line' id='line_1_20' title="bbox 189 2534 1192 2632; baseline 0.002 -22"><span class='ocrx_word' id='word_1_144' title='bbox 189 2534 207 2610; x_wconf 77' lang='lat' dir='ltr'>d</span> <span class='ocrx_word' id='word_1_145' title='bbox 229 2535 266 2626; x_wconf 71' lang='grc' dir='ltr'>ἦν</span> <span class='ocrx_word' id='word_1_146' title='bbox 287 2545 345 2612; x_wconf 64' lang='grc' dir='ltr'>τοῦ</span> <span class='ocrx_word' id='word_1_147' title='bbox 366 2543 492 2629; x_wconf 69' lang='grc' dir='ltr'><em>τείχους</em></span> <span class='ocrx_word' id='word_1_148' title='bbox 513 2545 572 2614; x_wconf 76' lang='grc' dir='ltr'>καὶ</span> <span class='ocrx_word' id='word_1_149' title='bbox 593 2551 629 2614; x_wconf 84' lang='grc' dir='ltr'>αἱ</span> <span class='ocrx_word' id='word_1_150' title='bbox 647 2545 780 2628; x_wconf 70' lang='grc' dir='ltr'><strong><em>πλησίου</em></strong></span> <span class='ocrx_word' id='word_1_151' title='bbox 802 2541 905 2630; x_wconf 56' lang='grc' dir='ltr'>θύραι</span> <span class='ocrx_word' id='word_1_152' title='bbox 925 2544 1113 2632; x_wconf 69' lang='grc' dir='ltr'>ἀεφγμέναι</span> <span class='ocrx_word' id='word_1_153' title='bbox 1128 2541 1192 2612; x_wconf 64' lang='grc' dir='ltr'>ἔνυ-</span> 
     </span>
    </p>
   </div>
   <div class='ocr_carea' id='block_1_5' title="bbox 93 2651 1310 4288">
    <p class='ocr_par' dir='ltr' id='par_1_5' title="bbox 93 2651 1310 4288">
     <span class='ocr_line' id='line_1_21' title="bbox 189 2651 1191 2745; baseline 0.002 -25"><span class='ocrx_word' id='word_1_154' title='bbox 189 2684 251 2738; x_wconf 81' lang='grc' dir='ltr'>χον</span> <span class='ocrx_word' id='word_1_155' title='bbox 278 2655 401 2740; x_wconf 70' lang='grc' dir='ltr'><em>αὐτοῦ,</em></span> <span class='ocrx_word' id='word_1_156' title='bbox 427 2653 565 2745; x_wconf 81' lang='grc' dir='ltr'>οἰόμενοι</span> <span class='ocrx_word' id='word_1_157' title='bbox 590 2653 693 2734; x_wconf 70' lang='grc' dir='ltr'>πύλας</span> <span class='ocrx_word' id='word_1_158' title='bbox 722 2653 781 2734; x_wconf 67' lang='grc' dir='ltr'>τὰς</span> <span class='ocrx_word' id='word_1_159' title='bbox 810 2652 917 2742; x_wconf 59' lang='lat' dir='ltr'>&amp;rique</span> <span class='ocrx_word' id='word_1_160' title='bbox 938 2656 997 2723; x_wconf 73' lang='grc' dir='ltr'>τοῦ</span> <span class='ocrx_word' id='word_1_161' title='bbox 1018 2651 1191 2742; x_wconf 72' lang='grc' dir='ltr'><em>οἰκήματος</em></span> 
     </span>
     <span class='ocr_line' id='line_1_22' title="bbox 189 2759 1191 2854; baseline -0.001 -22"><span class='ocrx_word' id='word_1_162' title='bbox 189 2760 272 2832; x_wconf 75' lang='grc' dir='ltr'>εἶναι</span> <span class='ocrx_word' id='word_1_163' title='bbox 298 2764 357 2833; x_wconf 73' lang='grc' dir='ltr'>καὶ</span> <span class='ocrx_word' id='word_1_164' title='bbox 382 2765 535 2854; x_wconf 71' lang='grc' dir='ltr'>ἄντικρὺς</span> <span class='ocrx_word' id='word_1_165' title='bbox 564 2765 673 2835; x_wconf 72' lang='grc' dir='ltr'><strong><em>δίοδον</em></strong></span> <span class='ocrx_word' id='word_1_166' title='bbox 697 2767 729 2844; x_wconf 81' lang='grc' dir='ltr'>ἒς</span> <span class='ocrx_word' id='word_1_167' title='bbox 750 2763 785 2834; x_wconf 74' lang='lat' dir='ltr'>nd</span> <span class='ocrx_word' id='word_1_168' title='bbox 806 2759 874 2848; x_wconf 60' lang='grc' dir='ltr'><strong>ἔξω.</strong></span> <span class='ocrx_word' id='word_1_169' title='bbox 917 2772 1038 2832; x_wconf 79' lang='lat' dir='ltr'>Plures·</span> <span class='ocrx_word' id='word_1_170' title='bbox 1053 2779 1127 2833; x_wconf 86' lang='lat' dir='ltr'>suut</span> <span class='ocrx_word' id='word_1_171' title='bbox 1149 2775 1191 2832; x_wconf 87' lang='lat' dir='ltr'>de</span> 
     </span>
     <span class='ocr_line' id='line_1_23' title="bbox 189 2883 1217 2957; baseline 0 -15"><span class='ocrx_word' id='word_1_172' title='bbox 189 2886 251 2944; x_wconf 84' lang='lat' dir='ltr'>boe</span> <span class='ocrx_word' id='word_1_173' title='bbox 272 2885 346 2944; x_wconf 86' lang='lat' dir='ltr'>loco</span> <span class='ocrx_word' id='word_1_174' title='bbox 368 2887 504 2946; x_wconf 83' lang='lat' dir='ltr'>virorum</span> <span class='ocrx_word' id='word_1_175' title='bbox 520 2887 685 2946; x_wconf 86' lang='lat' dir='ltr'>doctorum</span> <span class='ocrx_word' id='word_1_176' title='bbox 703 2884 928 2954; x_wconf 75' lang='lat' dir='ltr'>dubitationes,</span> <span class='ocrx_word' id='word_1_177' title='bbox 950 2897 1027 2956; x_wconf 90' lang='lat' dir='ltr'>quas</span> <span class='ocrx_word' id='word_1_178' title='bbox 1042 2883 1191 2957; x_wconf 85' lang='lat' dir='ltr'>equidem</span> <span class='ocrx_word' id='word_1_179' title='bbox 1215 2897 1217 2900; x_wconf 88' lang='grc'><strong><em>·</em></strong></span> 
     </span>
     <span class='ocr_line' id='line_1_24' title="bbox 189 2995 1192 3071; baseline -0.002 -19"><span class='ocrx_word' id='word_1_180' title='bbox 189 2995 271 3054; x_wconf 88' lang='lat' dir='ltr'>adeo</span> <span class='ocrx_word' id='word_1_181' title='bbox 300 3014 362 3055; x_wconf 87' lang='lat' dir='ltr'>non</span> <span class='ocrx_word' id='word_1_182' title='bbox 389 2996 527 3054; x_wconf 80' lang='lat' dir='ltr'>srrblatas</span> <span class='ocrx_word' id='word_1_183' title='bbox 550 3012 619 3056; x_wconf 89' lang='lat' dir='ltr'>esse</span> <span class='ocrx_word' id='word_1_184' title='bbox 641 3017 661 3056; x_wconf 90' lang='grc' dir='ltr'>ιι</span> <span class='ocrx_word' id='word_1_185' title='bbox 682 2995 836 3071; x_wconf 87' lang='lat' dir='ltr'>Poppone</span> <span class='ocrx_word' id='word_1_186' title='bbox 859 3009 994 3066; x_wconf 91' lang='lat' dir='ltr'>censeo,</span> <span class='ocrx_word' id='word_1_187' title='bbox 1033 3001 1069 3054; x_wconf 93' lang='lat' dir='ltr'>ut</span> <span class='ocrx_word' id='word_1_188' title='bbox 1087 3009 1192 3066; x_wconf 89' lang='lat' dir='ltr'>neque</span> 
     </span>
     <span class='ocr_line' id='line_1_25' title="bbox 189 3087 1193 3184; baseline -0.002 -20"><span class='ocrx_word' id='word_1_189' title='bbox 189 3087 207 3164; x_wconf 75' lang='lat' dir='ltr'>d</span> <span class='ocrx_word' id='word_1_190' title='bbox 227 3089 267 3184; x_wconf 73' lang='grc' dir='ltr'>ἧν</span> <span class='ocrx_word' id='word_1_191' title='bbox 288 3099 346 3164; x_wconf 68' lang='lat' dir='ltr'>rod</span> <span class='ocrx_word' id='word_1_192' title='bbox 367 3096 493 3180; x_wconf 71' lang='lat' dir='ltr'>reiqqovc</span> <span class='ocrx_word' id='word_1_193' title='bbox 514 3125 619 3181; x_wconf 88' lang='lat' dir='ltr'>neque</span> <span class='ocrx_word' id='word_1_194' title='bbox 641 3101 677 3166; x_wconf 80' lang='grc' dir='ltr'>αἱ</span> <span class='ocrx_word' id='word_1_195' title='bbox 691 3095 824 3180; x_wconf 79' lang='grc' dir='ltr'><strong><em>πλησίον</em></strong></span> <span class='ocrx_word' id='word_1_196' title='bbox 841 3091 941 3181; x_wconf 57' lang='grc' dir='ltr'>θύραι</span> <span class='ocrx_word' id='word_1_197' title='bbox 961 3108 1053 3163; x_wconf 80' lang='lat' dir='ltr'>recte</span> <span class='ocrx_word' id='word_1_198' title='bbox 1073 3103 1193 3162; x_wconf 77' lang='lat' dir='ltr'>dietum</span> 
     </span>
     <span class='ocr_line' id='line_1_26' title="bbox 190 3201 1239 3292; baseline -0.004 -18"><span class='ocrx_word' id='word_1_199' title='bbox 190 3217 380 3275; x_wconf 84' lang='lat' dir='ltr'>existimem.</span> <span class='ocrx_word' id='word_1_200' title='bbox 432 3212 528 3287; x_wconf 86' lang='lat' dir='ltr'>Nam,</span> <span class='ocrx_word' id='word_1_201' title='bbox 560 3223 595 3276; x_wconf 92' lang='lat' dir='ltr'>ut</span> <span class='ocrx_word' id='word_1_202' title='bbox 623 3216 665 3276; x_wconf 86' lang='lat' dir='ltr'>de</span> <span class='ocrx_word' id='word_1_203' title='bbox 693 3217 752 3275; x_wconf 91' lang='lat' dir='ltr'>illo</span> <span class='ocrx_word' id='word_1_204' title='bbox 774 3218 862 3292; x_wconf 88' lang='lat' dir='ltr'>prius</span> <span class='ocrx_word' id='word_1_205' title='bbox 884 3217 1006 3285; x_wconf 82' lang='lat' dir='ltr'>dinam,</span> <span class='ocrx_word' id='word_1_206' title='bbox 1035 3201 1193 3291; x_wconf 80' lang='grc' dir='ltr'><strong>ἐχόμενον</strong></span> <span class='ocrx_word' id='word_1_207' title='bbox 1235 3247 1239 3258; x_wconf 69' lang='grc'><strong><em>«</em></strong></span> 
     </span>
     <span class='ocr_line' id='line_1_27' title="bbox 189 3314 1193 3401; baseline -0.005 -17"><span class='ocrx_word' id='word_1_208' title='bbox 189 3343 302 3385; x_wconf 87' lang='lat' dir='ltr'>vocem</span> <span class='ocrx_word' id='word_1_209' title='bbox 330 3326 371 3385; x_wconf 91' lang='lat' dir='ltr'>ad</span> <span class='ocrx_word' id='word_1_210' title='bbox 398 3328 574 3398; x_wconf 80' lang='lat' dir='ltr'>genitivum</span> <span class='ocrx_word' id='word_1_211' title='bbox 599 3318 656 3386; x_wconf 69' lang='grc' dir='ltr'>τοῦ</span> <span class='ocrx_word' id='word_1_212' title='bbox 684 3314 810 3401; x_wconf 71' lang='grc' dir='ltr'>τείχους</span> <span class='ocrx_word' id='word_1_213' title='bbox 836 3342 940 3400; x_wconf 89' lang='lat' dir='ltr'>neque</span> <span class='ocrx_word' id='word_1_214' title='bbox 968 3323 1044 3383; x_wconf 87' lang='lat' dir='ltr'>addi</span> <span class='ocrx_word' id='word_1_215' title='bbox 1072 3322 1193 3380; x_wconf 85' lang='lat' dir='ltr'>debere</span> 
     </span>
     <span class='ocr_line' id='line_1_28' title="bbox 190 3431 1218 3514; baseline -0.004 -20"><span class='ocrx_word' id='word_1_216' title='bbox 190 3443 323 3496; x_wconf 88' lang='lat' dir='ltr'>auctore</span> <span class='ocrx_word' id='word_1_217' title='bbox 345 3432 505 3513; x_wconf 75' lang='lat' dir='ltr'>Reislrio,</span> <span class='ocrx_word' id='word_1_218' title='bbox 531 3454 637 3514; x_wconf 90' lang='lat' dir='ltr'>neque</span> <span class='ocrx_word' id='word_1_219' title='bbox 659 3437 799 3510; x_wconf 79' lang='lat' dir='ltr'>intelligi</span> <span class='ocrx_word' id='word_1_220' title='bbox 820 3451 913 3512; x_wconf 87' lang='lat' dir='ltr'>posse</span> <span class='ocrx_word' id='word_1_221' title='bbox 937 3452 1009 3492; x_wconf 90' lang='lat' dir='ltr'>cum</span> <span class='ocrx_word' id='word_1_222' title='bbox 1033 3431 1135 3493; x_wconf 79' lang='lat' dir='ltr'>Gottl.</span> <span class='ocrx_word' id='word_1_223' title='bbox 1157 3439 1194 3490; x_wconf 86' lang='lat' dir='ltr'>et</span> <span class='ocrx_word' id='word_1_224' title='bbox 1216 3439 1218 3446; x_wconf 82' lang='lat'>&#39;</span> 
     </span>
     <span class='ocr_line' id='line_1_29' title="bbox 191 3542 1310 3628; baseline -0.005 -22"><span class='ocrx_word' id='word_1_225' title='bbox 191 3545 342 3617; x_wconf 82' lang='lat' dir='ltr'>Bloomf.‚</span> <span class='ocrx_word' id='word_1_226' title='bbox 364 3548 441 3606; x_wconf 88' lang='lat' dir='ltr'>satis</span> <span class='ocrx_word' id='word_1_227' title='bbox 452 3547 651 3607; x_wconf 77' lang='lat' dir='ltr'>manifestum</span> <span class='ocrx_word' id='word_1_228' title='bbox 661 3552 720 3610; x_wconf 88' lang='lat' dir='ltr'>est.</span> <span class='ocrx_word' id='word_1_229' title='bbox 752 3547 927 3620; x_wconf 82' lang='lat' dir='ltr'>Aliquanto</span> <span class='ocrx_word' id='word_1_230' title='bbox 945 3543 1068 3603; x_wconf 89' lang='lat' dir='ltr'>rectius</span> <span class='ocrx_word' id='word_1_231' title='bbox 1081 3542 1193 3628; x_wconf 89' lang='lat' dir='ltr'>Poppu</span> <span class='ocrx_word' id='word_1_232' title='bbox 1306 3551 1310 3556; x_wconf 87' lang='lat'>&#39;</span> 
     </span>
     <span class='ocr_line' id='line_1_30' title="bbox 156 3655 1196 3732; baseline -0.004 -18"><span class='ocrx_word' id='word_1_233' title='bbox 156 3703 164 3724; x_wconf 72' lang='grc'>,</span> <span class='ocrx_word' id='word_1_234' title='bbox 193 3675 263 3715; x_wconf 87' lang='lat' dir='ltr'>eum</span> <span class='ocrx_word' id='word_1_235' title='bbox 288 3655 415 3716; x_wconf 87' lang='lat' dir='ltr'>Bauero</span> <span class='ocrx_word' id='word_1_236' title='bbox 438 3657 682 3732; x_wconf 79' lang='lat' dir='ltr'>iuterpretatur:</span> <span class='ocrx_word' id='word_1_237' title='bbox 712 3655 945 3716; x_wconf 82' lang='lat' dir='ltr'>aedificium</span> <span class='ocrx_word' id='word_1_238' title='bbox 968 3659 1059 3713; x_wconf 88' lang='lat' dir='ltr'>erat</span> <span class='ocrx_word' id='word_1_239' title='bbox 1080 3655 1196 3724; x_wconf 89' lang='lat' dir='ltr'>muri,</span> 
     </span>
     <span class='ocr_line' id='line_1_31' title="bbox 191 3765 1246 3848; baseline -0.001 -26"><span class='ocrx_word' id='word_1_240' title='bbox 191 3773 275 3826; x_wconf 81' lang='lat' dir='ltr'>erat</span> <span class='ocrx_word' id='word_1_241' title='bbox 301 3781 389 3843; x_wconf 87' lang='lat' dir='ltr'>pars</span> <span class='ocrx_word' id='word_1_242' title='bbox 415 3767 532 3834; x_wconf 91' lang='lat' dir='ltr'>muri,</span> <span class='ocrx_word' id='word_1_243' title='bbox 560 3787 594 3824; x_wconf 80' lang='lat' dir='ltr'>aa</span> <span class='ocrx_word' id='word_1_244' title='bbox 617 3770 761 3848; x_wconf 67' lang='lat' dir='ltr'>patuere</span> <span class='ocrx_word' id='word_1_245' title='bbox 786 3789 850 3826; x_wconf 78' lang='lat' dir='ltr'>aar</span> <span class='ocrx_word' id='word_1_246' title='bbox 879 3787 1014 3838; x_wconf 52' lang='lat' dir='ltr'>monem·</span> <span class='ocrx_word' id='word_1_247' title='bbox 1050 3766 1082 3824; x_wconf 90' lang='lat' dir='ltr'>in</span> <span class='ocrx_word' id='word_1_248' title='bbox 1104 3781 1197 3839; x_wconf 88' lang='lat' dir='ltr'>quam</span> <span class='ocrx_word' id='word_1_249' title='bbox 1244 3765 1246 3768; x_wconf 81' lang='grc'><strong>’</strong></span> 
     </span>
     <span class='ocr_line' id='line_1_32' title="bbox 191 3857 1198 3955; baseline -0.003 -22"><span class='ocrx_word' id='word_1_250' title='bbox 191 3892 259 3934; x_wconf 88' lang='lat' dir='ltr'>rem</span> <span class='ocrx_word' id='word_1_251' title='bbox 280 3875 393 3952; x_wconf 89' lang='lat' dir='ltr'>Poppo</span> <span class='ocrx_word' id='word_1_252' title='bbox 416 3879 579 3952; x_wconf 86' lang='lat' dir='ltr'>comparat</span> <span class='ocrx_word' id='word_1_253' title='bbox 600 3877 655 3941; x_wconf 87' lang='lat' dir='ltr'>lib.</span> <span class='ocrx_word' id='word_1_254' title='bbox 671 3876 700 3949; x_wconf 93' lang='lat' dir='ltr'>l,</span> <span class='ocrx_word' id='word_1_255' title='bbox 724 3895 792 3953; x_wconf 84' lang='lat' dir='ltr'>cap.</span> <span class='ocrx_word' id='word_1_256' title='bbox 807 3872 876 3938; x_wconf 76' lang='lat'>134.</span> <span class='ocrx_word' id='word_1_257' title='bbox 898 3862 1029 3955; x_wconf 73' lang='grc' dir='ltr'><strong><em>οἴκημα,</em></strong></span> <span class='ocrx_word' id='word_1_258' title='bbox 1050 3857 1125 3948; x_wconf 69' lang='lat' dir='ltr'>diis</span> <span class='ocrx_word' id='word_1_259' title='bbox 1141 3865 1198 3930; x_wconf 74' lang='lat' dir='ltr'>nod</span> 
     </span>
     <span class='ocr_line' id='line_1_33' title="bbox 191 3979 1198 4064; baseline -0.009 -16"><span class='ocrx_word' id='word_1_260' title='bbox 191 3979 289 4062; x_wconf 77' lang='grc' dir='ltr'><strong><em>ἱεροῦ.</em></strong></span> <span class='ocrx_word' id='word_1_261' title='bbox 332 3986 400 4047; x_wconf 88' lang='lat' dir='ltr'>Sed</span> <span class='ocrx_word' id='word_1_262' title='bbox 421 4002 525 4059; x_wconf 87' lang='lat' dir='ltr'>neque</span> <span class='ocrx_word' id='word_1_263' title='bbox 548 3987 772 4064; x_wconf 83' lang='lat' dir='ltr'>interpretatio</span> <span class='ocrx_word' id='word_1_264' title='bbox 798 3986 857 4046; x_wconf 90' lang='lat' dir='ltr'>illa</span> <span class='ocrx_word' id='word_1_265' title='bbox 883 3993 958 4062; x_wconf 85' lang='lat' dir='ltr'>apta</span> <span class='ocrx_word' id='word_1_266' title='bbox 984 3990 1035 4044; x_wconf 89' lang='lat' dir='ltr'>est</span> <span class='ocrx_word' id='word_1_267' title='bbox 1061 3983 1198 4042; x_wconf 82' lang='lat' dir='ltr'>ethaeo</span> 
     </span>
     <span class='ocr_line' id='line_1_34' title="bbox 93 4077 1201 4178; baseline -0.005 -23"><span class='ocrx_word' id='word_1_268' title='bbox 93 4077 102 4100; x_wconf 79' lang='lat'>&#39;</span> <span class='ocrx_word' id='word_1_269' title='bbox 191 4095 366 4156; x_wconf 84' lang='lat' dir='ltr'>similitudo</span> <span class='ocrx_word' id='word_1_270' title='bbox 391 4098 494 4170; x_wconf 78' lang='lat' dir='ltr'>magis</span> <span class='ocrx_word' id='word_1_271' title='bbox 514 4099 662 4173; x_wconf 84' lang='lat' dir='ltr'>speciosa</span> <span class='ocrx_word' id='word_1_272' title='bbox 684 4114 776 4173; x_wconf 89' lang='lat' dir='ltr'>qnam</span> <span class='ocrx_word' id='word_1_273' title='bbox 798 4111 894 4178; x_wconf 84' lang='lat' dir='ltr'>vera3</span> <span class='ocrx_word' id='word_1_274' title='bbox 929 4115 999 4156; x_wconf 84' lang='lat' dir='ltr'>narn</span> <span class='ocrx_word' id='word_1_275' title='bbox 1020 4085 1109 4171; x_wconf 76' lang='grc' dir='ltr'><em>ἱεροῦ</em></span> <span class='ocrx_word' id='word_1_276' title='bbox 1131 4092 1201 4167; x_wconf 91' lang='lat' dir='ltr'>qni-</span> 
     </span>
     <span class='ocr_line' id='line_1_35' title="bbox 193 4194 1235 4288; baseline -0.003 -24"><span class='ocrx_word' id='word_1_277' title='bbox 193 4205 266 4266; x_wconf 88' lang='lat' dir='ltr'>dcm</span> <span class='ocrx_word' id='word_1_278' title='bbox 288 4209 446 4282; x_wconf 81' lang='lat' dir='ltr'>quomodo</span> <span class='ocrx_word' id='word_1_279' title='bbox 468 4194 588 4288; x_wconf 56' lang='grc' dir='ltr'><em>οἴκημα</em></span> <span class='ocrx_word' id='word_1_280' title='bbox 608 4223 683 4284; x_wconf 87' lang='lat' dir='ltr'>pars</span> <span class='ocrx_word' id='word_1_281' title='bbox 703 4209 763 4285; x_wconf 86' lang='lat' dir='ltr'>ait,</span> <span class='ocrx_word' id='word_1_282' title='bbox 791 4206 890 4268; x_wconf 83' lang='lat' dir='ltr'>iacile</span> <span class='ocrx_word' id='word_1_283' title='bbox 913 4204 1133 4281; x_wconf 78' lang='lat' dir='ltr'>intelligitu13·</span> <span class='ocrx_word' id='word_1_284' title='bbox 1147 4194 1205 4264; x_wconf 74' lang='grc' dir='ltr'>τοῦ</span> <span class='ocrx_word' id='word_1_285' title='bbox 1230 4199 1235 4220; x_wconf 73' lang='lat'><em>³</em></span> 
     </span>
    </p>
   </div>
   <div class='ocr_carea' id='block_1_6' title="bbox 0 0 1518 4812">
    <p class='ocr_par' dir='ltr' id='par_1_6' title="bbox 0 0 1518 4812">
     <span class='ocr_line' id='line_1_36' title="bbox 0 0 1518 4812; baseline 0 0"><span class='ocrx_word' id='word_1_286' title='bbox 0 0 1518 4812; x_wconf 95' lang='lat' dir='ltr'> </span> 
     </span>
    </p>
   </div>
  </div>
 </body>
</html>
