3012 4796
586 405 797 471 *81*

186 578 267 652 quin
287 577 328 636 sii
350 593 422 654 pars
443 565 667 654 σωφροσύνης,
689 575 809 635 uoltum
832 577 961 636 dubium
977 585 1044 650 cst;
1066 587 1187 656 atqua-

185 685 254 745 lem
280 687 364 746 iiiam
391 675 604 765 σωφροσύνης
629 693 750 772 partem
778 688 973 761 potabimus,
1005 687 1088 761 quod
1119 693 1190 765 quis

92 837 95 851 .
187 797 231 854 de
261 799 347 856 varia
374 797 564 872 difficilique
591 797 668 856 boiii
699 801 811 855 natura
838 804 931 856 recte
952 798 1064 856 statuit
1084 816 1189 873 neque

187 914 313 967 certum
331 907 469 981 aliquem
491 906 569 966 belii
592 908 729 984 gerendi
751 907 876 966 modom
898 907 930 965 in
954 911 1111 983 potestate
1133 925 1189 968 sua

186 1016 332 1077 faturum
360 1018 421 1079 sibi
448 1018 639 1093 persuadet?
691 1017 743 1079 Ea
775 1017 869 1086 enim¹
888 1019 994 1093 potios
1023 1017 1190 1093 prudentia

186 1135 240 1187 cst-
267 1133 302 1186 et
331 1145 555 1200 neruosusne,
592 1145 652 1186 non
674 1116 878 1206 σωφροσύνη.
921 1126 1009 1186 Satis
1031 1129 1104 1186 mihi
1122 1129 1189 1205 jam
1291 1141 1294 1151 ⁴

188 1237 421 1297 demonstrasse
444 1238 569 1314 videor,
592 1237 668 1312 quid
692 1240 759 1296 tieri
783 1257 843 1296 non
867 1237 980 1313 possim
1008 1255 1091 1297 nunc
1113 1239 1190 1313 quid

187 1347 320 1418 debeat,
342 1363 508 1436 exponam.
543 1345 592 1408 Ac
615 1347 746 1422 primum
764 1347 890 1422 quidem
909 1348 1084 1421 genitivum
1101 1346 1190 1407 iiinm

188 1445 369 1533 σωφρόνων
389 1450 534 1536 ἀνδρῶν,
564 1458 709 1530 quoniam
731 1475 792 1516 non
817 1457 897 1516 iicet
917 1460 1068 1532 accipere
1090 1457 1134 1528 ita
1154 1463 1192 1517 nt

188 1567 389 1641 intelligatur
409 1555 505 1648 ἔργον
526 1555 610 1644 ἐστι’,
642 1565 783 1642 pendere
807 1565 891 1625 facio
913 1568 952 1624 ab
974 1571 1129 1640 sequente
1151 1555 1192 1626 ot

187 1699 281 1750 cruce,
302 1677 386 1752 qood
405 1696 499 1754 quom
517 1693 625 1752 parum
637 1676 802 1736 commode
814 1677 882 1735 fleri
895 1675 1093 1755 judicaverit
1104 1675 1190 1754 Pop·

188 1807 251 1865 po,
290 1806 353 1860 ego
384 1791 420 1846 et
451 1787 611 1863 aptissime
645 1785 717 1844 deri
746 1791 780 1846 et
808 1804 908 1873 paene
935 1787 1030 1848 etiam
1058 1803 1191 1847 necesse

189 1913 262 1959 csse
286 1903 401 1961 statuo.
449 1895 524 1960 Nam
546 1913 587 1953 eo
610 1896 736 1971 quidem
758 1913 820 1956 nou
842 1911 923 1971 opus
940 1903 990 1954 est
1004 1897 1191 1970 confugere,

191 2013 229 2068 ut
249 2009 423 2082 genitivum
444 2023 539 2082 saepe
560 2006 635 2081 poni
650 2005 872 2077 demonstrem,
896 2007 948 2064 uiti
961 2006 1081 2068 licebat
1097 2009 1193 2068 etiam

190 2117 383 2182 nominativo
403 2117 464 2186 oti,
486 2115 586 2180 veluti
606 2115 687 2177 infra
710 2133 739 2176 c.
755 2113 804 2182 28,
827 2115 962 2187 tegimus
983 2109 1013 2178 ot
1029 2104 1193 2194 σώφρονες

191 2219 255 2287 uuio
283 2211 478 2304 οἷνξορῶπων,
499 2231 554 2290 ant
575 2241 669 2300 supra
692 2243 721 2284 c.
747 2223 795 2284 11.
824 2219 854 2290 οἱ
874 2212 988 2298 α’ήδως
1008 2246 1035 2284 τι
1057 2216 1192 2306 ἀγαθὸν

189 2323 409 2416 λαμβάνοντες
429 2328 491 2394 udo
512 2321 702 2412 ἀνθρώπων,
745 2353 806 2394 non
830 2336 913 2392 enim
940 2335 1016 2396 talia
1034 2342 1191 2414 promisce

192 2448 260 2508 dici
290 2447 425 2514 arbitror
450 2445 600 2504 aut-sine
630 2459 740 2516 causa,
772 2461 875 2519 neque
897 2444 996 2505 debet
1017 2448 1124 2506 inanes
1145 2452 1192 2508 vi·

192 2559 262 2618 deri
285 2559 426 2630 argutias
448 2559 589 2630 captare,
611 2555 666 2629 qui
692 2553 774 2630 apud
789 2551 1015 2631 Thucydidem
1030 2577 1194 2634 parvarum

191 2685 298 2729 rerum
321 2683 432 2726 causas
453 2668 586 2741 quaerit.
632 2661 780 2724 Ceterum
805 2663 882 2724 1111111
904 2666 981 2723 sotis
997 2668 1195 2730 manifestum

152 2837 153 2842 ,
195 2783 264 2852 est,
296 2776 380 2850 quod
399 2777 464 2852 jam
488 2775 575 2846 dixi,
604 2792 666 2833 oon
687 2781 778 2834 recto
801 2790 857 2832 cos
878 2763 1050 2854 σώφρονας
1071 2764 1196 2858 ἄνδρας

193 2885 361 2964 appellari,
384 2886 437 2960 qui
460 2884 501 2943 de
524 2883 601 2944 belii
624 2885 734 2948 natura
754 2883 1023 2961 recteJudicent3
1045 2906 1085 2946 eu
1097 2891 1198 2962 igitur

181 3013 289 3079 'causa
316 3001 382 3066 est,
415 3013 472 3054 cur
498 2994 689 3054 nominativo
715 3010 777 3058 nou
806 3008 879 3054 usos
904 2995 947 3055 sit
968 2976 1196 3075 Thucydidesi

192 3107 256 3165 aiia
277 3123 357 3165 vero
381 3112 449 3176 est,
483 3121 540 3164 cur
562 3104 723 3176 genitivus
743 3103 922 3177 aptissimus
944 3121 1015 3164 esse
1037 3107 1194 3168 videatur.

195 3216 262 3284 Qui
293 3219 319 3274 si
347 3233 408 3280 non
436 3231 479 3273 ex
507 3213 669 3290 Popponis
695 3213 853 3276 sententio
870 3188 1081 3292 'explicetum
1114 3218 1195 3276 lianc

195 3326 257 3390 vim
287 3325 402 3399 habet,
432 3303 468 3383 111
496 3343 556 3384 non
586 3323 626 3381 de
648 3324 791 3381 omnibus
807 3323 874 3398 jam
895 3332 1024 3400 agatur,
1060 3327 1113 3400 qni
1136 3315 1198 3385 σώ-

193 3456 307 3514 φρονες
333 3419 450 3511 ἄνδρες
471 3439 559 3504 sont,
589 3430 649 3492 sed
669 3434 755 3494 inter
775 3449 833 3494 eos
854 3432 895 3490 de
917 3433 966 3492 liis
989 3441 1119 3513 tantum,
1141 3437 1195 3510 «pai
1263 3501 1266 3506 .

195 3550 230 3605 et
250 3544 393 3608 secunda
414 3543 541 3602 fortuna
566 3543 728 3618 sapienter
749 3547 878 3602 1111111111
899 3548 933 3603 et
955 3544 1031 3602 beiti
1053 3551 1195 3609 naturam

193 3657 284 3717 recte
305 3653 495 3730 uestiment-¹
526 3649 576 3714 De
599 3653 742 3713 omuibus
763 3655 847 3718 enim
868 3653 896 3710 si
916 3661 1084 3731 ageretur,
1109 3663 1142 3715 et
1163 3659 1195 3714 iu

193 3765 376 3828 universnm
398 3749 426 3820 ui
448 3765 647 3834 exponerent
667 3760 826 3838 Spartani,
847 3763 941 3837 quate
963 3765 1006 3820 sit
1020 3752 1196 3846 σωφρόνων

195 3861 324 3949 ἀνδρῶν
345 3871 503 3942 officinm,
534 3874 722 3948 praeceptio
742 3873 823 3940 hacc
846 3873 974 3948 quidem
997 3879 1084 3940 esset
1106 3876 1196 3946 iguo·
1264 3875 1270 3882 '

196 3981 338 4046 rantibus
358 3985 433 4062 apta
454 3984 490 4041 ct
510 3979 552 4042 ao
573 3980 723 4040 virtutem
746 3982 939 4058 adhortatio,
962 3999 1043 4056 quiae
1058 4003 1119 4044 non
1139 4002 1196 4057 po-

195 4093 262 4154 test
287 4090 433 4170 sejuncta
464 4103 536 4152 esse
561 4092 602 4154 1111
629 4090 736 4165 eliqua
762 4093 1026 4170 reprehensione3
1065 4109 1196 4168 qnorum

94 4283 100 4298 .
197 4203 364 4282 utrumqne
388 4217 480 4278 qoam
512 4200 719 4261 vehementer
743 4203 912 4268 abhorreat
939 4207 979 4263 ab
1007 4202 1101 4282 hujus
1125 4219 1204 4283 ora·-
