3010 4812
354 1252 356 1258 ¹
466 1189 963 1320 Ouputn.

298 1401 362 1472 De
399 1397 518 1474 loeis
556 1397 726 1473 rectius
764 1397 1137 1496 interpretandis.

301 1755 366 1824 Qui
382 1761 413 1815 et
431 1755 594 1830 Popponis
609 1753 792 1840 utilissimos
807 1756 1046 1814 commentarios
1064 1761 1120 1816 aut
1139 1773 1215 1816 cou-

213 1867 352 1940 scriptos
364 1869 404 1924 ab
418 1869 488 1940 ipso
502 1865 693 1936 autaliunde
709 1865 866 1924 collectos
875 1874 1026 1924 accurate
1040 1866 1218 1940 perlegerit

213 1981 249 2034 et
268 1976 431 2050 eliquanto
452 1977 547 2033 etiam
574 1975 756 2032 accuratius
781 1975 969 2032 tractaverit
991 1973 1218 2051 Thucydidem

216 2089 334 2160 ipsum,
357 2103 426 2146 eum
451 2085 527 2142 satis
548 2087 616 2142 scio
640 2084 797 2158 permntta
823 2083 1112 2144 animadversurum
1134 2101 1217 2157 esse,
1260 2069 1267 2086 ¹

215 2211 296 2269 qnae
325 2202 379 2254 aut
409 2210 516 2270 porum
548 2179 698 2252 accurate
732 2199 787 2252 out
818 2193 912 2281 etium
946 2193 1026 2252 falso
1054 2194 1218 2270 explicate

214 2309 288 2376 sint,
310 2305 373 2364 alio
394 2322 471 2364 vero
490 2305 619 2363 silentio
640 2305 830 2372 transmisso,
853 2319 935 2376 quae
959 2305 1145 2379 interpretis
1167 2304 1216 2362 di·

213 2416 377 2490 ligentiem
399 2415 630 2474 desiderabant.
682 2411 738 2473 Ex
759 2415 809 2472 his
836 2413 912 2472 mihi
935 2433 1036 2488 puueo
1064 2414 1218 2488 quaedem

181 2558 184 2566 2
215 2525 359 2600 proferre
382 2527 533 2585 inanimo
556 2529 622 2597 est3
643 2524 741 2592 multo
759 2527 841 2582 entur
864 2542 925 2582 nec
939 2525 1019 2584 libet
1035 2543 1097 2584 nee
1115 2530 1217 2586 vacat.

214 2633 332 2695 Ponam
360 2644 465 2696 autem
499 2636 600 2710 primo
627 2635 701 2692 loco
734 2635 1070 2711 disputationemvjum
1096 2636 1172 2694 olim
1199 2654 1218 2694 e

213 2761 263 2804 me
285 2745 403 2806 editam
416 2746 467 2804 -de
489 2746 544 2806 lib.
560 2742 624 2816 ΙΙΙ,
648 2762 717 2819 cap.
734 2740 775 2802 33
789 2749 824 2803 et
835 2741 888 2814 29,
911 2762 1002 2818 quem
1020 2763 1103 2806 nunc
1125 2748 1218 2805 novis

216 2857 300 2916 curis
320 2858 507 2934 retractavi.
1036 2841 1038 2846 ¹

298 2959 408 3028 Irlbo
429 2960 531 3052 Ill,
553 2975 660 3044 cult·
682 2958 767 3028 88·
794 2982 889 3038 quum
911 2970 1004 3024 anites
1025 2971 1115 3025 recte
1137 2967 1217 3024 scri·

214 3077 345 3136 iteretur
364 3066 434 3152 περὶ
452 3065 578 3154 Κλάρον
600 3080 634 3135 et
656 3069 694 3154 τῇ
710 3061 837 3150 Κλάρῳ,
859 3072 973 3149 Poppo
996 3093 1098 3151 nuper
1115 3075 1231 3134 edidit'

213 3175 282 3262 περὶ
310 3171 441 3264 ’Ἴκαρον
477 3191 512 3244 ct
546 3179 584 3266 τῇ
614 3173 732 3262 Ἰκάρῳ
760 3186 828 3242 sine
856 3184 923 3243 ullo
959 3184 1112 3244 lituorum
1141 3185 1217 3244 Mss.

213 3298 416 3368 auctoritate,
438 3313 494 3355 suo
517 3297 632 3356 doctus
656 3281 854 3371 conjectura
877 3295 929 3353 cui
947 3313 986 3352 ne
1009 3296 1137 3352 nimium
1159 3295 1217 3351 trt-

214 3407 339 3476 bueret,
361 3411 489 3484 poterat
502 3425 586 3466 ,eum
607 3406 661 3480 vel
682 3407 744 3464 hoc
767 3405 952 3472 admonere,
975 3405 1061 3477 quod
1082 3423 1144 3463 non
1167 3419 1218 3462 so-

213 3514 281 3574 lent
312 3515 434 3576 librarii
464 3517 574 3590 ignoto
603 3517 727 3576 nomino
762 3532 820 3590 pro
849 3516 934 3574 notis
963 3532 1094 3591 ponere.
1151 3510 1218 3574 Sed

214 3641 308 3698 quum
337 3624 502 3686 Heockius
531 3633 566 3685 et
595 3625 730 3686 Goeller
760 3631 795 3684 et
821 3622 1051 3684 Bloorntieldos
1085 3624 1218 3684 eandem

212 3735 316 3794 secuti
338 3740 448 3794 essent
476 3738 707 3814 conjecturam,
736 3737 849 3810 quibus
874 3740 986 3810 posteo
1014 3705 1220 3796 accesserunt

214 3846 308 3904 etiem
329 3843 359 3905 J.
373 3844 507 3904 Bekker
529 3852 563 3904 et
579 3844 801 3917 Morstodtius,
824 3863 885 3904 non
908 3862 1017 3920 pessus
1039 3851 1090 3904 est
1104 3845 1218 3930 Poppo

132 4025 135 4030 1
214 3955 513 4016 reuocaretur
542 3958 582 4016 iis
609 3973 690 4030 quoe
718 3959 894 4031 prudenter
921 3964 1031 4016 contro
1060 3956 1220 4029 disputata

215 4068 289 4122 sunt
307 4069 348 4122 et»
370 4064 514 4126 Arooldo
538 4073 572 4126 et
594 4064 752 4137 Grervino,
780 4086 913 4142 quorum
936 4069 1048 4143 partim
1065 4067 1132 4142 jum
1153 4083 1218 4125 mo·

216 4181 329 4234 nuent
354 4172 533 4238 Haoekius.'
573 4175 646 4245 Quo
668 4177 708 4236 de
730 4193 830 4239 *conse
850 4183 949 4238 totam
971 4195 1055 4238 nunc
1078 4193 1145 4255 rem
1167 4191 1218 4234 or·
