3010 4812
580 403 770 472 49.-

176 583 280 644 sidio
303 581 494 640 adversus
516 581 676 639 illorum
700 581 896 652 triremes,
922 596 1016 653 qnae
1039 596 1079 638 se
1101 599 1174 657 op·

176 697 384 770 ponebant,
406 709 446 749 se
469 693 576 765 ipsos
598 695 769 752 tuentes,
805 687 899 756 Quod
919 705 1172 764 quarnperverse

177 805 295 862 dicturo
318 803 360 861 sit
382 803 534 859 nerninem
553 799 646 874 fugit.
691 797 803 883 Neque
824 798 935 858 melior
951 815 1066 872 graeco
1086 801 1173 862 Aem.

175 915 264 974 Porti
295 913 488 987 explicatio,
530 929 620 985 quiunt
645 909 757 985 Poppo
784 912 860 969 satis
883 911 992 968 halurit
1014 913 1174 986 proferre:

177 1019 264 1100 σφοῖς
291 1010 411 1104 αὐτοὺς
439 1009 661 1104 φυλάσσοντες
682 1009 757 1098 πρὸς
779 1011 836 1088 τὰς
857 1013 980 1078 ἕαυτοῖν
1002 1021 1070 1091 ταῖς
1088 1015 1177 1082 ’Arre-

176 1136 250 1204 καΐς
268 1123 387 1192 ναυσὶν
408 1121 689 1210 ἀντιτεταγμένας.
732 1127 810 1188 Nam
834 1149 936 1204 neque
960 1135 1040 1190 bene
1060 1149 1176 1207 graece

176 1248 256 1304 haec
278 1247 351 1302 sunt
367 1260 427 1299 nee
443 1244 628 1317 perspicoa3
651 1225 732 1299 iliud
745 1258 822 1299 vero
840 1243 933 1300 etiam
949 1243 1072 1312 fulsum,
1090 1243 1176 1316 quod
1214 1263 1216 1265 ·

151 1431 153 1435 ,
177 1349 266 1430 σφᾶς
288 1342 406 1420 αὐτοὺς
426 1339 649 1428 φυλιίοαοντες
671 1351 836 1420 dicuntur,
859 1353 911 1424 qul
935 1362 1007 1413 sont
1029 1342 1177 1430 φυλακὴν

177 1451 364 1542 ποιούμενοι.
416 1461 520 1530 Quem
553 1479 690 1520 errorem
721 1466 797 1535 puto
825 1463 958 1520 vitasset
985 1462 1116 1538 Poppo,
1149 1464 1176 1522 si

178 1575 290 1650 parmis
312 1574 376 1631 suis
398 1577 504 1631 verbis
526 1577 573 1631 nti
595 1573 768 1641 voluisset3
804 1571 980 1631 addidisset
1001 1576 1109 1644 sirunl,
1145 1575 1177 1632 id
1246 1553 1249 1568 '

179 1685 260 1759 quod
291 1690 363 1741 anie
391 1686 493 1742 ouinia
522 1683 641 1741 dietum
670 1682 828 1756 oportuit,
860 1684 890 1740 in
920 1683 976 1741 illo
997 1673 1178 1764 ποιούμενοι

178 1815 237 1853 οοο
261 1793 441 1852 Corinthios
463 1793 603 1865 intelligi
626 1793 681 1850 sed
701 1793 923 1852 Athenienses.
968 1793 1074 1862 Quruu
1095 1798 1178 1853 enini

179 1905 333 1965 Corinthii
362 1905 522 1962 onerarias
550 1919 647 1962 neves
675 1905 703 1960 in
728 1901 870 1960 Siciliam
894 1907 1021 1962 mittere
1045 1903 1177 1980 vellent,

178 2015 285 2090 veriti,
309 2033 348 2071 ne
372 2031 424 2071 eas
437 2014 649 2073 Athenienses
668 2014 907 2087 interciperent,
931 2019 1075 2072 triremes
1087 2015 1178 2073 siruol

179 2127 217 2182 ad
243 2125 395 2199 proelium
418 2131 542 2200 paratas
565 2125 798 2199 produxerunt,
822 2140 862 2180 eo
885 2125 1010 2197 quidern
1035 2126 1180 2194 oonsilio,

181 2242 215 2295 nt
238 2237 310 2294 dnm
334 2239 366 2294 in
389 2236 445 2292 has
468 2235 708 2294 Atheniensium
732 2234 824 2290 unirni
843 2213 1081 2303 convertuntur,
1103 2234 1179 2292 illae
1216 2283 1218 2286 .

180 2345 311 2404 liberum
349 2347 471 2404 exitnur
509 2347 672 2403 haberent.
727 2343 775 2403 ef.
812 2343 895 2402 infra
929 2363 997 2420 cap.
1030 2339 1067 2405 19
1097 2351 1179 2405 extr.
1247 2417 1250 2427 ,

182 2453 330 2514 Ceterum
353 2457 412 2513 hoc
436 2458 628 2529 potissimum
650 2457 690 2513 de
715 2471 808 2512 eausa
826 2455 909 2514 hunc
923 2457 1028 2515 locoru
1051 2457 1180 2532 protuli,

181 2571 217 2624 ni
233 2583 303 2624 eum
321 2567 359 2624 ad
379 2567 473 2625 ulium
492 2569 611 2625 rectius
627 2565 851 2640 explicandum
869 2566 1050 2626 adhiberem
1068 2567 1182 2640 quiesi

266 2668 373 2739 Iulli·
400 2670 548 2764 VIII,
579 2685 685 2754 (tillio
709 2669 786 2738 4¹5·
838 2666 893 2749 τήν
917 2697 948 2735 τε
975 2667 1183 2757 μισξτοφορᾶν

181 2775 351 2865 ξυνέτεμεν
383 2777 454 2845 ἀντὶ
485 2781 635 2866 δραχμῆς
657 2777 794 2857 Ἀττικῆς
823 2772 905 2845 dore*
931 2778 1100 2866 τριο’βολον
1126 2779 1184 2848 καλ

183 2889 274 2954 τοῦτο
296 2884 338 2975 μὴ
361 2891 506 2971 ξυνεχεῖς
521 2891 686 2972 &derben
709 2888 814 2975 λέγειν
829 2886 969 2956 κελεύων
983 2931 1025 2942 --
1040 2891 1082 2967 ὦς
1097 2891 1184 2972 ’Abu

181 3006 265 3064 ναῖοι
286 3000 324 3064 ἐκ
345 2996 484 3076 πλείονος
504 2996 626 3086 χρόνον
647 2993 849 3085 ἐπιστήμονες
872 3002 930 3067 τοῦ
949 3003 1106 3068 ναυτικοῦ
1127 3030 1185 3086 τρι·

151 3142 154 3154 *
182 3107 303 3194 ολβολον
325 3115 389 3184 τοΐς
412 3111 536 3176 ἑαυτῶν
559 3114 707 3177 διδόασιν
729 3149 770 3159 -
792 3105 846 3174 ἵνα
868 3110 977 3176 αὐτοῖν
999 3109 1041 3198 μὴ
1065 3113 1094 3176 οἱ
1107 3113 1184 3176 uud-

183 3249 232 3285 ται
264 3222 302 3286 ἐκ
327 3218 511 3302 περιουσίας
536 3220 715 3307 ὑβρίζοντες
741 3222 770 3285 οἱ
790 3217 848 3307 μὲν
864 3217 904 3286 roi
926 3218 1065 3309 σοίματα
1086 3219 1184 3306 χείρω

184 3325 295 3414 ἔχωσι,
318 3331 521 3408 δαπανῶντες
542 3334 573 3408 ἐς
595 3333 728 3398 τοιαῦτα
751 3329 805 3415 ἀφ’
830 3323 875 3397 ὧν
896 3331 915 3412 ἡ
938 3330 1097 3408 οἷσῗτένεια
1111 3341 1185 3418 ξυμ

184 3441 305 3526 βαίνει,
340 3443 369 3506 οἱ
400 3437 434 3506 dt
463 3436 520 3517 τιλς
550 3443 632 3518 νοίῦς
664 3438 875 3506 ἀπολείπωσιν
883 3492 894 3525 ,
928 3437 1128 3530 ὑπολιπόντες
1153 3444 1185 3520 ἕς

172 3548 338 3647 Ιὁμηρείαν
365 3546 420 3616 τὸν
445 3548 730 3640 προυοφειλόμενον
752 3549 882 3640 μισξιόν.
925 3558 1015 3620 Haec
1039 3567 1073 3621 ut
1095 3570 1185 3622 recle

156 3651 160 3666 ¹
186 3688 270 3728 nune
292 3665 340 3727 sic
364 3670 483 3743 scripta
505 3674 595 3746 sunt,
626 3673 671 3728 itu
692 3669 772 3730 falso
795 3689 814 3728 a
834 3669 988 3764 Poppone
1010 3673 1185 3748 explicato,

188 3781 251 3852 qni,
270 3779 353 3854 qrrod
378 3793 526 3836 snrnrnunr
551 3780 745 3838 commodum
768 3783 799 3840 in
818 3783 1044 3858 stipendiorum
1063 3787 1185 3842 ratione

189 3901 223 3949 et
245 3892 307 3950 luit
329 3897 363 3950 et
385 3892 485 3948 visorn
508 3894 557 3947 est
579 3887 827 3950 Atheniensibus
848 3899 943 3966 atque
963 3891 1136 3964 Alcibiadi,
1153 3892 1187 3950 id

187 4017 246 4074 pro
272 4018 391 4058 sunrmo
418 4000 618 4059 incommodo
646 4001 772 4079 habuit,
803 3991 964 4080 assensus,
998 4008 1032 4062 nt
1060 4003 1187 4077 quidem

188 4111 367 4184 significare
399 4111 544 4182 ridetur,
586 4109 730 4170 Arnoldo
760 4109 882 4187 Anglo,
920 4114 1010 4188 cujus
1038 4115 1188 4173 editionis

189 4221 336 4278 roluuren
368 4225 494 4280 tertium
522 4224 681 4298 inspicere
708 4223 782 4282 mihi
813 4241 873 4282 non
901 4224 1003 4282 licuit.
1058 4223 1187 4285 Biodnr·

969 4333 987 4390 2
