3010 4812
635 369 901 514 ⁸4²⁴·

375 577 560 652 Denique
580 596 627 637 ue
646 576 739 651 quid
757 577 842 634 desit
860 577 901 634 erl
919 578 1148 651 explorandum
1161 575 1301 646 Alcidae
1421 567 1423 574 ’

297 692 371 766 lter,
397 687 611 763 quaerendum
637 692 701 757 est,
734 685 859 760 quando
883 683 1008 746 Samum
1032 691 1065 745 et
1087 687 1198 748 Chium
1222 673 1296 750 aiti-

297 801 399 873 gerit‚
431 820 450 858 e
477 815 606 874 quarum
635 802 766 871 utraque
796 797 966 855 insularum
990 788 1133 873 captivos
1153 801 1296 858 homines

297 910 485 968 abduxerat.
538 903 673 966 Factum
706 906 740 964 id
773 913 842 966 erat
867 915 941 966 ante
969 925 1060 980 quarn
1087 907 1296 985 Myonnesum

297 1021 488 1092 attingeret,
512 1019 565 1076 ubi
586 1016 712 1076 illorum
736 1019 851 1092 partim
873 1017 1047 1079 interfecit.
1091 1017 1198 1086 Quare
1221 1037 1295 1105 per·

296 1131 441 1206 spicuum
475 1132 523 1186 cst
544 1123 678 1185 Samum'
697 1145 770 1185 eum
798 1128 942 1198 attigisse
969 1133 1035 1186 turn
1066 1146 1159 1202 quoru
1182 1149 1200 1188 a
1222 1129 1296 1207 My-

297 1258 380 1299 cono
407 1239 535 1297 veniret
561 1242 595 1295 et
621 1235 791 1297 Embaturn
819 1241 955 1310 peteret.
1000 1236 1111 1296 Chium
1139 1255 1218 1298 vero
1240 1258 1297 1314 po·

296 1355 359 1412 tuit
396 1355 430 1408 et
458 1347 670 1422 progrediens
708 1353 741 1405 et
773 1349 804 1404 in
834 1347 940 1404 reditu
967 1347 1133 1417 attingere.
1186 1347 1298 1407 Icarus

293 1467 398 1521 aurem
422 1463 485 1516 tam
508 1474 608 1532 prope
631 1459 720 1514 abest
741 1460 780 1517 eb
802 1455 907 1525 Sarno,
927 1454 1060 1516 XXXV
1083 1458 1168 1514 milia
1190 1475 1297 1533 pessu-

297 1589 347 1631 um
370 1571 416 1626 ait
436 1565 519 1626 Plin.
536 1537 584 1625 ΧΝ.
609 1565 652 1629 Η.
666 1564 729 1641 IV,
754 1584 782 1624 c.
800 1561 864 1638 23„
882 1574 921 1625 ut
943 1567 975 1623 in
997 1567 1057 1623 hac
1081 1585 1174 1639 quum
1198 1577 1296 1644 esset,

294 1678 393 1737 facile
428 1677 508 1734 illuc
540 1693 666 1750 quoque
699 1677 863 1751 appellere
893 1679 1044 1752 potuerit.
1099 1675 1164 1736 Sed
1196 1677 1229 1735 id
1264 1687 1298 1737 ut

294 1792 483 1848 memoraret
494 1785 715 1862 Thucydides,
740 1803 833 1843 causa
855 1805 915 1844 non
940 1791 1025 1856 erat3
1048 1786 1089 1842 de
1106 1785 1198 1846 Icaro
1213 1790 1296 1875 eninr

253 1889 256 1898 ⁸
295 1899 372 1959 nihil
395 1896 529 1957 tradidit
551 1898 582 1954 in
605 1897 664 1954 hac
688 1902 868 1968 regestum,
891 1896 973 1970 qrrod
998 1889 1146 1955 me‘morln
1168 1898 1297 1968 dignum

295 2017 390 2069 esset.

378 2116 495 2177 Fusius
517 2119 596 2176 haec
619 2120 766 2191 exposui,
790 2117 872 2190 qrrorl
899 2135 1015 2192 operae
1038 2119 1180 2192 precium
1204 2119 1296 2176 vide-

293 2233 387 2289 batur
413 2234 554 2286 veterem
579 2227 783 2304 Thucydidis
804 2229 992 2302 scriptoram
1015 2227 1129 2301 injuria
1150 2232 1297 2287 mutatam

295 2339 484 2411 diligentius
506 2336 694 2409 defendere,
717 2338 901 2413 praesertim
924 2354 1018 2410 quoru
1041 2337 1196 2408 agendum
1212 2345 1297 2397 esset
1333 2409 1339 2418 ι

295 2455 407 2508 eontra
428 2448 513 2504 viros
535 2464 647 2519 magna
668 2449 859 2505 arrctoritate
877 2446 1048 2521 praeditos
1094 2443 1188 2506 Nunc
1206 2453 1295 2507 aute·

235 2541 241 2550 ’
293 2576 384 2634 quaro
406 2556 447 2614 ud
469 2556 531 2615 alin
553 2574 694 2631 pergam,
717 2559 862 2631 quoniam
884 2555 1153 2643 Mytilenaeorum
1176 2559 1296 2634 injecta

294 2657 414 2726 mentio
435 2673 496 2737 est,
517 2667 580 2725 hoc
603 2685 729 2741 quoque
751 2666 876 2742 eddam,
901 2683 993 2741 posse
1012 2667 1052 2723 de
1071 2668 1195 2740 origine
1209 2667 1294 2726 sedi·

293 2780 389 2837 tionis
411 2793 521 2836 eorum
538 2794 640 2854 pauca
663 2777 720 2836 illa
737 2775 939 2853 Thucydidis
952 2780 1060 2846 verba,
1084 2795 1165 2851 quae
1180 2779 1292 2850 legun-

294 2895 348 2946 tur
370 2887 435 2945 lib.
458 2885 521 2959 ΙΙΙ,
545 2906 627 2963 cap.
651 2886 680 2946 2.
704 2889 885 2947 accuratius
906 2887 1073 2962 explicari,
1103 2886 1298 2966 quemfecit

216 3009 219 3017 '
293 2997 422 3073 Popp03
445 2997 586 3070 licetque
612 3001 642 3054 in
664 3015 733 3056 earn
756 3015 821 3056 rem
845 3015 1035 3071 componere
1058 2999 1218 3056 historiam
1241 3017 1296 3056 ne-

184 3095 187 3101 *
294 3125 355 3181 que
384 3109 542 3164 inficetum
571 3125 676 3183 neque
701 3109 957 3183 improbabilem,
991 3125 1070 3182 quae
1098 3109 1241 3182 quoniam
1264 3109 1310 3166 in'

294 3218 427 3294 privatis
457 3220 552 3275 rebus
574 3224 730 3285 versatur,
755 3216 941 3295 Thucydidi
963 3236 1024 3276 non
1044 3218 1140 3291 digna
1155 3221 1222 3276 visa
1236 3225 1296 3290 est,

294 3345 383 3401 quum
418 3325 566 3390 referret.
634 3325 711 3385 Earn
739 3334 843 3386 lamen
871 3329 973 3402 quoad
1003 3329 1073 3405 ejus
1099 3329 1170 3400 lieri
1193 3332 1297 3404 potnit

293 3437 489 3512 conjecturis
511 3439 589 3495 meis
611 3437 840 3510 quodammodo
862 3440 1063 3497 insinuatam
1081 3441 1120 3496 ab
1135 3439 1295 3497 oblivione

292 3546 421 3603 vindico
460 3551 494 3604 et
531 3553 687 3620 iaruqnanr
724 3549 887 3620 benignam
929 3549 1092 3607 materiam·
1121 3547 1294 3607 fabularum

291 3657 500 3730 scriptoribus
530 3656 663 3726 dedico,
698 3659 756 3716 nisi
785 3659 855 3731 quis
882 3658 967 3718 forte
996 3659 1076 3715 alius
1103 3657 1295 3732 reperietur,

291 3767 344 3840 qui
369 3766 398 3820 ei
421 3765 513 3823 fidem
537 3766 696 3828 adhibeat.

377 3872 463 3932 Belli
487 3874 751 3952 Peloponnesiaci
775 3886 918 3953 tempore
936 3879 1114 3955 Mytilenae
1138 3875 1198 3934 init
1216 3879 1296 3936 civis

291 3985 376 4043 inter
398 3987 514 4059 prirnos
537 3987 662 4056 nobilis,
686 3992 808 4046 nomine
824 3987 1046 4064 Timophanes,
1070 4003 1180 4058 rrragna
1203 4005 1295 4062 prae·

291 4094 377 4152 ditus
399 4096 542 4166 fertone,
577 4100 773 4172 popularium
798 4101 931 4173 'tertium
954 4101 1126 4156 acerrimus
1145 4097 1293 4156 adversa·
1366 4125 1373 4146 ι

290 4206 364 4262 rius.
396 4203 501 4265 Erant
522 4209 553 4265 ei
575 4209 660 4267 filiae
678 4210 772 4279 duno,
795 4206 943 4266 Hellanis
955 4213 987 4267 et
998 4207 1159 4281 Lemanis,
1176 4223 1294 4267 morunr
