3010 4812
465 380 778 446 ,..11..

162 559 329 631 uitamque
366 553 599 628 infrequentem
635 527 815 614 etlleerent.
873 551 973 620 Quasi
1003 567 1081 613 vero
1110 569 1169 615 suo

155 651 319 730 ¹arbitrntn
342 665 460 724 milites
483 669 691 723 commeatum
710 663 860 737 accipere
880 664 1061 738 potuerint,
1083 663 1168 742 ejus·

167 795 230 852 qne
259 777 306 835 rei
337 777 443 852 posito
471 774 528 833 illo
555 775 690 849 pignore
712 773 920 831 certissimum
942 773 1099 847 quoddam
1116 777 1171 851 jos

166 888 276 962 adepti
298 886 376 950 sint!
417 884 523 944 Multo
546 889 637 942 uerte
666 883 765 942 satius
787 890 856 942 erat
877 883 968 942 simul
991 857 1027 942 et
1050 901 1170 958 negare

167 1001 209 1056 iis
231 1000 439 1058 commeatum
467 1001 502 1054 et
530 1009 657 1053 servare
684 992 836 1068 stipendii
863 999 1004 1068 partem,
1039 1011 1079 1052 ne
1102 1011 1171 1053 earn

166 1125 226 1184 per
247 1108 358 1166 luxum
380 1103 620 1180 profunderent.
659 1101 873 1171 Quamobrem
894 1105 1016 1162 etiarnsi
1040 1105 1173 1179 amptius

168 1216 365 1293 stipendium
386 1183 516 1288 fnisset,
551 1213 691 1284 cogendi
717 1229 779 1270 non
802 1218 893 1273 erent
914 1213 1049 1291 milites,
1083 1219 1119 1274 ut
1137 1213 1174 1272 id

170 1325 272 1388 totum
296 1324 499 1415 acciperent3
532 1340 615 1380 nune
638 1339 715 1380 vero
737 1329 902 1410 postquem
925 1325 956 1381 id
980 1324 1173 1384 deminutum

171 1441 233 1509 est,
254 1451 343 1508 qnam
367 1433 521 1490 rationem
546 1433 643 1491 habet
663 1440 775 1491 vetare
799 1453 839 1493 ne
862 1451 918 1494 sun
931 1439 1056 1510 sponte,
1077 1439 1113 1494 ut
1130 1435 1175 1494 ait

171 1543 302 1619 Poppo,
355 1547 476 1619 partem
519 1542 590 1618 ejus
629 1557 688 1617 pro
721 1541 856 1627 pignore
894 1541 1031 1618 ponantl
1094 1541 1178 1605 Sunt

172 1655 253 1712 lraee
291 1658 378 1712 certe
412 1652 530 1710 erroris
569 1651 665 1726 plena
700 1653 804 1712 omnia
831 1670 893 1711 nee
921 1668 1001 1728 opus
1028 1663 1078 1715 est
1102 1671 1177 1730 per·

172 1764 263 1837 sequi
293 1761 428 1834 singula.
476 1758 617 1822 Videtur
643 1767 749 1821 autem
777 1763 856 1821 duas
882 1766 924 1823 ob
952 1779 1063 1823 causas
1090 1783 1177 1824 erra·

142 1881 240 1934 «tum
268 1881 350 1934 esse.
400 1871 541 1930 Primum
569 1873 652 1930 enim
678 1875 846 1930 obscuram
869 1871 946 1945 fuit,
983 1875 1036 1947 qui
1058 1875 1101 1933 sit
1125 1881 1180 1934 aot

175 1981 259 2043 unde
282 1984 403 2040 oriatur
423 1982 481 2039 itte
502 1968 789 2061 προσοφειλόμενος
803 1968 938 2060 μισθός,
960 1999 1054 2055 quum
1076 1989 1179 2044 tamen

175 2099 344 2151 narrentur
377 2092 590 2150 Athenienses
629 2109 794 2151 numerere
833 2091 987 2150 militibus
1019 2098 1180 2152 ternorum

177 2202 344 2262 obolorum
355 2201 559 2275 stipendium,
581 2219 643 2260 non
660 2207 764 2260 autern
779 2217 906 2262 servare
920 2220 1030 2261 eorum
1050 2208 1181 2278 piantem.

177 2310 334 2372 Nimirum
357 2315 483 2387 spectat
505 2313 566 2370 hoe
589 2329 640 2380 eo,
667 2310 750 2385 quod
774 2311 869 2386 paulo
892 2311 1108 2394 antedictum
1133 2315 1183 2371 est
1267 2338 1269 2345 ⁸

178 2412 251 2481 nivel
272 2414 422 2500 &emilii
436 2409 606 2499 πριῶβολοη
620 2411 678 2481 καὶ
693 2413 785 2480 τοῦτο
801 2410 844 2500 μὴ
861 2413 1005 2498 ξυνεχῶς
1019 2411 1183 2505 δι’δοσὲαι.

181 2531 287 2600 Quum
313 2535 396 2590 enim
421 2533 627 2592 constitutum
655 2536 740 2590 esset
761 2533 854 2591 trium
877 2533 1042 2592 obolorum
1063 2533 1183 2607 stipen-

181 2643 286 2713 dium,
308 2660 369 2700 non
393 2643 426 2699 id
447 2648 553 2700 tumen
574 2633 718 2718 ξυνεχῶς
740 2646 980 2710 numerabatur,
1013 2641 1070 2700 sed
1093 2641 1183 2700 iden·

181 2753 280 2810 tidem
302 2755 499 2823 servabatur,
523 2757 558 2810 ut
579 2758 778 2827 superesset,
798 2751 884 2825 ‹pnod
907 2751 1080 2810 deberetur
1102 2752 1184 2810 mili·

186 2863 282 2922 tibus.
314 2859 365 2920 Cf.
380 2861 464 2918 infre
486 2876 557 2936 cap.
568 2858 619 2920 78.
642 2878 711 2937 eap.
734 2855 785 2919 83.
818 2859 931 2935 ltaque
943 2859 1187 2922 Atheniensium

183 2972 332 3048 exemplo
359 2972 482 3030 dnobus
504 2971 606 3030 modis
627 2969 815 3032 Alcibiades
836 2987 889 3030 res
909 2972 1042 3030 militum
1065 2979 1186 3046 tempe·

183 3085 290 3164 rabat3
322 3097 394 3140 nam
417 3088 452 3140 et
474 3082 677 3140 deminnebat
695 3080 903 3156 stipendium,
924 3099 964 3139 ne
979 3083 1073 3140 nimia
1090 3085 1187 3140 airun-

185 3193 292 3252 dantia
319 3194 350 3252 in
374 3191 531 3251 luxuriem
552 3195 715 3262 verteret,
747 3195 783 3249 et
804 3189 997 3250 deminutum
1020 3191 1189 3265 aliqnando

185 3320 244 3378 pro
265 3305 402 3378 pignore
423 3303 601 3377 retinebat,
625 3302 717 3376 eujus
739 3300 790 3358 rbi
812 3317 907 3359 eausa
930 3318 1027 3360 naves
1049 3319 1108 3360 non
1132 3301 1189 3358 de·

184 3420 343 3473 sererent.
398 3408 540 3482 erorum
568 3409 769 3487 prudentiam
798 3411 999 3470 consiliorum
1027 3430 1088 3471 non
1111 3425 1192 3488 uptus

187 3526 238 3580 est
257 3522 405 3582 laudibus
426 3523 554 3584 tollere.
598 3519 666 3580 Sed
686 3527 844 3596 superest,
869 3526 906 3581 ut
927 3523 1088 3599 participii
1104 3521 1192 3580 itlius

129 3647 137 3655 ·
187 3622 387 3701 ὑπολιπόντες
413 3649 519 3708 veram
547 3632 702 3690 rationem
724 3632 912 3707 expediam,
935 3632 988 3692 ¹-in'
1003 3650 1064 3707 qim
1086 3645 1193 3691 rursus

188 3759 310 3800 errasse
338 3741 521 3820 Popponem
550 3741 749 3800 menifestum
777 3745 835 3806 est.
879 3740 988 3818 Atque
1020 3747 1052 3802 in
1075 3745 1134 3802 buc
1156 3757 1192 3800 re

189 3855 364 3927 comparari
386 3853 463 3914 volo
485 3852 681 3928 superiorem
704 3852 793 3910 ilium
815 3851 923 3912 ludum
943 3854 1000 3920 lib.
1021 3851 1101 3924 vlt,
1123 3869 1198 3937 esp,

193 3958 241 4022 17.
283 3961 330 4023 Ut
350 3966 433 4022 enim
456 3966 489 4022 in
512 3963 569 4021 illo
591 3979 650 4037 per
671 3946 753 4032 dume
774 3947 835 4040 μή,
856 3963 903 4022 ita
924 3965 978 4023 ltin
1000 3981 1060 4052 per
1074 3949 1129 4020 ἵνα
1150 3953 1193 4041 μή

190 4073 389 4142 significatur
415 4073 465 4147 id,
499 4073 584 4148 quod
612 4073 734 4131 neum
761 4073 918 4132 bominum
947 4073 1113 4133 eonsilium
1134 4080 1196 4145 est,

190 4188 288 4256 atque
316 4183 349 4240 id
377 4185 551 4260 praecipue
580 4182 708 4258 quidem
735 4181 819 4242 inest
844 4188 1012 4245 verborum
1039 4184 1093 4243 vei
1121 4201 1196 4243 eon·

951 4291 998 4351 p*
