3010 4812
680 391 891 458 ..22-

282 563 525 628 Atheniensium
547 563 700 635 novibus,
729 580 811 639 quse
833 567 898 624 tam
920 566 955 625 ct
974 545 1071 638 ipsae
1085 567 1178 624 eraut
1199 561 1286 625 circa

281 675 539 751 Peloponnesum
569 677 664 747 atque
690 675 754 734 boc
779 673 931 750 imprimis
951 647 1049 745 agere
1071 677 1107 731 et
1127 672 1287 737 debebant

283 791 318 845 et
338 789 501 862 poterant,
537 789 573 844 at
599 782 676 858 qnid
697 800 802 844 reram
824 787 956 858 gereret
983 780 1117 842 Aloidas
1138 789 1287 846 observa-

283 907 372 967 rent3
408 900 443 954 et
464 896 520 954 bas
541 894 668 969 quidem
691 893 832 968 intelligi
854 911 895 951 eo
915 892 1016 965 magis
1037 897 1088 952 est
1108 897 1289 969 probabile,

284 1006 369 1082 quod
393 1011 469 1066 tuuc
492 1007 593 1082 ipsum
612 1019 656 1062 ex
676 1005 756 1062 urbe
778 1005 934 1062 venerant
953 1017 1015 1060 nec
1038 1014 1128 1064 eraut
1149 1025 1169 1063 e
1190 1008 1288 1068 sociis

284 1115 343 1177 sed
365 1133 408 1174 ex
429 1119 507 1191 ipsis
530 1115 654 1174 civibus
674 1116 710 1170 et
724 1111 887 1184 inquilinis
903 1112 1095 1185 instructam
1117 1115 1182 1173 vid.
1197 1134 1225 1178 c.
1237 1109 1289 1174 16·

285 1225 370 1288 Sunt
390 1216 490 1301 igitar
510 1223 544 1282 bi
565 1222 695 1300 proprio
717 1221 853 1296 quodam
875 1234 969 1279 sensu
991 1213 1021 1278 οἱ
1041 1214 1080 1280 ἐκ
1101 1217 1155 1299 γῆς
1173 1214 1292 1294 πόλεως
1341 1205 1346 1214 ’

283 1327 457 1410 Ἀθηναῖοι.
502 1332 568 1402 Qui
596 1332 743 1408 quoniam
764 1349 827 1392 non
848 1329 994 1392 viderant
1016 1330 1163 1394 Alcidam
1187 1337 1291 1397 donec

288 1448 376 1506 circs
401 1442 659 1519 Peloponnesum
691 1446 777 1514 erat,
817 1458 913 1516 quum
943 1441 1040 1516 paulo
1069 1451 1141 1516 post
1167 1445 1292 1504 domum

287 1555 511 1628 revertissent!
544 1555 787 1613 consentaneum
808 1560 859 1610 est
881 1555 920 1610 ab
943 1549 1030 1610 Delo
1050 1552 1188 1626 aliquem
1212 1573 1292 1614 narn·
1354 1547 1357 1552 ’

289 1666 373 1724 eiam
395 1663 437 1722 de
459 1681 499 1722 eo
522 1664 666 1724 Athenas
688 1662 882 1738 pervenisse.
925 1660 977 1721 Ita
997 1665 1025 1722 si
1047 1673 1182 1731 statuas,
1215 1663 1295 1722 nibil

288 1776 393 1836 estin
416 1771 621 1850 Thucydidis
641 1773 763 1838 verbis.
786 1789 849 1845 «qao
872 1774 1041 1832 oldendune.
1086 1770 1193 1846 Atque
1217 1790 1293 1831 con·

284 1884 443 1962 jectando
464 1883 591 1957 quidem
614 1883 694 1942 lieet
716 1883 810 1942 etiam
833 1883 959 1956 longius
976 1883 1138 1957 progredi.
1183 1880 1295 1942 Allato

290 1995 375 2054 enim
402 1994 459 2052 illo
487 1994 605 2052 nuncio
632 2009 815 2068 quamquam
844 1993 1000 2051 credibile
1028 1963 1132 2050 videri
1153 2009 1216 2052 nou
1238 2011 1295 2068 po·

291 2109 377 2164 terat
396 2108 517 2164 tantum
541 2104 713 2162 animorum
735 2119 808 2162 esse
822 2102 1078 2180 Peloponnesiis,
1102 2102 1190 2161 atde
1203 2103 1297 2162 maris

164 2241 167 2246 ,
291 2215 426 2292 irnperio
451 2213 693 2288 invadendeque
714 2210 821 2273 Lesbo
843 2218 877 2272 et
897 2211 987 2272 lunio
1009 2214 1206 2287 cogitarent,
1240 2229 1295 2271 eo·

292 2343 355 2399 que
372 2323 440 2400 jana
462 2323 600 2399 periculi
621 2329 749 2383 ventum
771 2338 855 2394 esse,
878 2327 913 2381 at
936 2322 1047 2382 classis
1068 2324 1295 2382 essetsubmit·

289 2435 400 2506 tenda,
420 2433 519 2508 digne
541 2437 645 2492 tamen
668 2448 719 2492 res
742 2437 822 2504 erat,
845 2431 885 2490 dc
909 2449 970 2506 qna
992 2432 1177 2504 diligentius
1199 2449 1325 2508 quae·.

292 2546 432 2604 seretur.
475 2540 583 2609 Quare
611 2542 693 2601 haud
721 2542 928 2616 improbabile
951 2543 1025 2600 mibi
1046 2542 1191 2612 videtur,
1228 2561 1297 2602 eum

293 2656 394 2727 ipsam
421 2654 463 2710 ob
490 2666 616 2710 causam
643 2648 778 2710 Athenis
804 2653 912 2712 missas
940 2667 1011 2710 esse
1038 2649 1237 2711 Salaminium
1264 2656 1299 2714 et

293 2759 442 2822 Paralum
464 2776 572 2834 naves,
596 2768 631 2821 ut
652 2765 859 2822 observarent
880 2759 1046 2831 Alcidam,
1069 2778 1186 2838 easque
1207 2763 1297 2822 illum

293 2871 387 2932 tardo
414 2872 529 2931 itinere
557 2875 598 2932 eb
620 2871 705 2932 Delo
731 2872 912 2948 proiectum
939 2876 1100 2931 assecutos
1122 2873 1205 2932 forte
1226 2887 1297 2932 esse

296 2983 383 3041 circa
396 2978 535 3041 Clarum.
562 2979 763 3057 ‘Quamquam
785 2984 897 3056 siquis
919 2982 1018 3041 illud:
1040 2975 1075 3040 αἱ
1097 2974 1124 3040 δ’
1142 2974 1193 3042 ἀπ’
1210 2974 1300 3058 ’App

293 3085 360 3152 νῶν
382 3077 498 3167 ἔτυχον
520 3082 676 3150 κλέουσαι
697 3092 780 3150 nolit
800 3093 832 3150 in
846 3093 927 3151 banc
946 3096 1134 3152 sententiam
1149 3095 1299 3171 accipere

295 3201 448 3276 malitque
478 3200 571 3261 aliam
599 3206 712 3277 putare
739 3201 838 3262 fnisse
865 3202 1036 3275 navigandi
1060 3221 1202 3276 causam,
1238 3222 1299 3264 non

296 3328 490 3386 magnopere
518 3329 712 3388 repugnem
743 3327 848 3386 neque
871 3313 954 3372 enim
976 3315 1008 3374 in
1030 3314 1091 3372 boc
1113 3317 1162 3372 rei
1183 3331 1301 3374 summa

295 3422 444 3482 vertitur.
489 3417 640 3482 Ceterum
670 3422 784 3482 eadem
803 3422 965 3482 locatione
987 3423 1064 3483 alibi
1087 3439 1214 3498 quoque
1236 3428 1299 3484 ati-

295 3537 350 3590 tur
372 3528 594 3608 Thucydides,
617 3537 653 3592 ut
674 3531 730 3592 lib.
742 3531 770 3606 l,
793 3550 864 3610 cop.
882 3528 954 3591 116.
972 3518 1088 3608 ἔτυχον
1103 3521 1183 3591 δέαἱ
1197 3527 1301 3593 πᾶσαι

295 3627 361 3699 ἀπὸ
382 3628 522 3722 Μιλήτου
542 3633 711 3704 πλέουσαι,

288 3785 294 3798 ·
382 3746 481 3809 Aliud
510 3751 636 3811 eddidit
663 3771 725 3828 quo
753 3751 969 3830 conjecturam
994 3768 1080 3812 suam
1104 3754 1328 3842 continuaret⁸

295 3857 410 3936 Puppe
437 3861 519 3932 boc,
553 3863 638 3936 quod
666 3880 735 3942 cap
764 3860 814 3923 29.
843 3864 873 3920 in
901 3861 1088 3936 quibusdum
1113 3862 1203 3920 libris
1230 3878 1301 3924 mss.

297 3966 411 4030 Clarus
443 3970 571 4058 legatur
602 3980 753 4050 corrupte
787 3973 915 4048 quiden
948 3987 1008 4046 pro
1034 3969 1144 4043 lcaro;
1180 3972 1241 4032 sed
1268 3973 1303 4032 ld

297 4097 389 4154 quam
416 4080 491 4140 leve
518 4085 563 4142 sit
577 4089 822 4170 'argumentum
857 4083 1012 4144 neminem
1034 4079 1130 4154 sugit.
1172 4080 1303 4143 Etenim

296 4191 345 4250 sic
372 4207 500 4266 quoque
529 4211 593 4254 non
620 4195 723 4256 miuus
749 4199 848 4269 greve
878 4195 945 4265 est,
983 4191 1069 4266 quod
1092 4209 1163 4270 cap.
1185 4188 1238 4254 33.
1262 4211 1303 4253 ne
