3012 4796
586 395 798 460 „95-

189 573 291 627 tannen
319 567 415 642 aliqui
443 566 626 641 scrupulnS,
662 583 722 623 neo
752 583 814 640 ego
840 565 1058 626 affirmaverim
1080 569 1186 627 loeuur

189 678 282 753 plene
305 685 503 753 personatum
527 692 607 734 esse.

272 777 380 850 Iulia·
400 779 543 876 VIII,
565 796 673 865 Gall·
695 781 745 848 (lo
775 775 995 861 Πρασσόνιων
1022 776 1057 844 ti
1083 780 1186 844 ταῦτα

187 888 285 976 χωρὶς
304 887 481 973 ἑκατέροιν,
509 891 571 955 τῶν
592 915 625 956 re
646 885 710 955 οἶπό
732 888 791 954 τοῦ
810 883 1024 972 Φαρναβάζου
1045 887 1103 955 καὶ
1124 890 1186 955 nolu

187 997 250 1066 οἷπό
277 1001 335 1066 τοῦ
354 1003 614 1084 Τισσαφέρνους,
645 995 738 1080 πολλὴ
762 994 881 1085 ἅμιλλα
902 995 1048 1086 ἐγίγνετο
1069 999 1131 1065 πῶν
1151 1001 1186 1066 ἕν

187 1111 223 1197 τῇ
242 1105 475 1195 Λακεδαίμονι,
505 1103 588 1184 ὅπως
614 1111 644 1174 οἱ
669 1106 727 1197 μὲν
748 1103 779 1185 ἒς
800 1105 856 1190 τὴν
875 1107 1004 1174 Ἰωνίαν·
1019 1107 1077 1175 καὶ
1097 1107 1185 1194 Χίον,

185 1222 215 1285 οἱ
240 1219 267 1285 δ’
296 1221 329 1295 ἐς
355 1213 409 1292 τὸν
430 1213 656 1299 Ἑλλήσποντον
681 1214 830 1304 πρότερον
850 1221 933 1295 ναῦς
953 1217 1011 1284 καὶ
1031 1217 1186 1304 στρατιὰν

185 1328 331 1397 πείσουσι
351 1327 490 1415 πέμπειν·
512 1330 542 1395 οἱ
562 1328 669 1417 μέντοι
690 1323 936 1415 Λακεδαιμόνιοι
958 1325 997 1394 rol
1021 1329 1083 1395 πων
1099 1327 1185 1396 Χίων

185 1439 242 1538 agol
278 1437 520 1522 Τισσαφέρνους
554 1435 645 1524 παρὰ
678 1436 757 1505 πολὺ
790 1437 1022 1524 προσεδέξαντο
1054 1441 1182 1526 μᾶλλον.

187 1558 362 1626 Quaeritur
382 1557 415 1614 in
440 1557 501 1614 hoe
523 1555 613 1625 loeo,
645 1559 699 1631 qni
720 1559 785 1616 siut
804 1556 855 1614 illi
876 1557 1034 1628 bomineS,
1066 1559 1121 1633 qni
1141 1560 1183 1616 si-

185 1670 373 1741 gnificentur
387 1670 521 1725 vocibus
535 1660 598 1725 τῶν
611 1661 646 1724 ἓν
660 1659 698 1745 τῇ
713 1657 938 1745 Λακεδαίμονι.
974 1666 1081 1741 Atque
1098 1685 1185 1727 nsuru

185 1777 313 1851 quidem
328 1774 529 1853 Thucydidis
550 1779 577 1836 si
598 1781 789 1851 spectamur,
812 1770 842 1836 οἱ
862 1771 897 1834 ἐν
919 1769 956 1856 νῇ
969 1768 1184 1856 Λακεδαίμονι

185 1893 278 1946 erunt
298 1902 407 1945 omues
429 1892 583 1960 quotquot
604 1889 636 1942 iu
659 1890 737 1945 urbe
759 1891 832 1946 sunt
853 1877 921 1944 sive
936 1884 1182 1948 Lacedaemonii

183 2001 251 2056 sive
273 1997 455 2071 peregrioi3
478 2006 512 2056 et
528 1997 664 2055 maxime
686 1996 813 2070 quidem
826 1993 1091 2066 Lacedaernonii3
1112 2015 1182 2056 narn

182 2110 229 2166 ita
251 2107 345 2164 etiam
367 2105 422 2165 lib.
446 2105 489 2177 V,
512 2125 540 2170 ο.
563 2102 612 2168 43.
636 2100 665 2165 οἱ
685 2100 719 2164 ἓν
741 2105 810 2174 ταῖς
829 2093 978 2178 Ἀῗιήναις
999 2113 1072 2163 sunt
1095 2107 1182 2166 elves

185 2216 406 2278 Athenienses
466 2213 557 2290 lpsos
584 2233 662 2275 vero
691 2215 963 2276 Lacedaemonios
999 2215 1182 2291 intelligere

183 2344 245 2386 uon
273 2324 367 2400 lieet,
404 2325 436 2384 id
460 2326 544 2399 quod
566 2330 642 2386 satis
665 2327 879 2388 demonstrant
898 2329 995 2386 verba
1016 2330 1182 2400 sequentia

182 2431 211 2495 οἱ
238 2427 344 2514 μέντοι
370 2424 632 2516 Λακεδαιμόνιοι,
665 2439 784 2514 quippe
806 2440 858 2512 qul
882 2437 1047 2496 nranil'esto
1069 2438 1180 2495 distin·

180 2551 319 2621 guuntor
339 2551 378 2604 ab
401 2546 476 2622 illis,
499 2548 640 2622 quisunt
658 2540 736 2606 οἱὲν
749 2537 1022 2628 ηῙΛακεδαζιιονι.
1057 2547 1180 2615 Quam-

180 2661 287 2716 obrem
315 2659 436 2714 rectius
457 2655 546 2717 Hier.
569 2656 710 2716 Mueller
736 2663 771 2715 et
793 2657 957 2718 Haaclrins
979 2663 1011 2717 iu
1035 2660 1112 2721 edit.
1136 2657 1179 2716 ll.

179 2770 237 2827 bos
264 2781 333 2824 esse
362 2770 504 2825 statuunt
530 2769 718 2840 peregrinos
739 2767 879 2840 legatos,
906 2770 960 2842 qui
983 2767 1178 2826 Pharnabazi

179 2883 214 2936 et
237 2875 457 2950 Tissaphernis
479 2876 603 2934 nomine
626 2882 739 2952 agunt3
760 2878 816 2935 sed
841 2878 872 2934 id
897 2877 1017 2936 dietum
1036 2879 1181 2951 oportuit

179 2980 241 3046 ιῶν
267 2977 301 3043 ἒν
327 2976 543 3066 Λακεδαίμωνι
568 2977 746 3066 πρέσβεων;
779 2989 842 3048 vid.
872 2988 926 3045 lib.
950 2984 999 3056 V,
1031 3003 1101 3061 cap.
1128 2985 1178 3044 tt.

177 3095 291 3172 Pappa
311 3101 415 3153 tauren
437 3096 468 3153 in
491 3098 550 3154 bae
571 3099 693 3156 ratione
715 3098 808 3173 plane
829 3097 952 3158 inutilia
975 3112 1045 3154 esse
1068 3105 1179 3155 censet

128 3279 132 3286 1
177 3211 275 3266 uerba
297 3205 352 3263 illa
373 3199 436 3263 πῶν
457 3199 491 3264 ἓν
513 3199 551 3286 νῇ
569 3198 802 3287 Λακεδαίμονι,
835 3225 966 3282 euinque
989 3210 1031 3264 ob
1054 3223 1176 3265 eansanr

176 3335 238 3378 non
265 3317 391 3388 legatos
417 3315 517 3374 solurn
547 3318 603 3374 sed
626 3319 718 3377 simol
742 3321 836 3376 etiarn
861 3318 1059 3377 Alcibiadem
1082 3318 1176 3376 alios·

177 3443 239 3498 que
267 3428 451 3500 praesentes
476 3426 614 3502 intelligi
636 3428 721 3499 vnit3
750 3397 837 3502 atqui
861 3435 1044 3502 praesentes
1065 3432 1177 3503 opinor

176 3539 272 3597 etium
287 3533 536 3594 Lacedaemonii
550 3543 633 3606 sunt,
650 3539 690 3596 de
704 3541 817 3613 qulbus
830 3556 891 3595 nou
908 3540 1020 3612 agitur.
1058 3538 1176 3606 Quam·

177 3649 283 3704 obrem
311 3663 406 3720 quarn
433 3645 489 3704 illa
515 3650 672 3709 sententia
699 3653 740 3708 ob
767 3651 935 3706 verborum
960 3663 1064 3719 osum,
1097 3649 1175 3706 liaeo

177 3759 219 3814 ob
248 3758 390 3816 ordinem
419 3759 606 3817 narrationis
631 3760 758 3834 probari
787 3776 848 3816 non
879 3759 994 3831 possit,
1026 3760 1174 3833 equideur

176 3881 308 3925 necesse
338 3881 408 3925 esse
435 3869 572 3926 arbitror
594 3871 736 3928 seribere
766 3860 861 3941 πολλὴ
889 3855 1009 3947 ἅμιλλα
1030 3863 1175 3950 ἐγίγνετο

176 3966 285 4034 αὐτῶν
310 3969 345 4034 ἐν
370 3971 409 4056 τῇ
428 3969 661 4058 Λακεδαίμοω;
688 3995 757 4037 ιιιιιιι
780 3996 885 4052 neque
907 3981 1002 4038 aliter
1024 3981 1091 4038 fieri
1116 3998 1172 4054 po·

174 4089 251 4152 test,
273 4087 310 4142 nt
330 4085 388 4144 soli
411 4088 577 4150 Persarum
602 4090 700 4161 legati
723 4090 956 4167 intelligantur,
979 4107 1082 4164 neque
1105 4091 1175 4147 aliis

175 4193 324 4274 prolecto
346 4193 402 4257 illa
421 4189 515 4274 πολλὴ
537 4175 659 4280 ἅμιλλα
678 4199 830 4262 tribuitur
851 4217 942 4276 quarn
965 4201 1024 4275 bis,
1047 4202 1100 4276 qui
1116 4223 1178 4276 χω-
