3010 4812
589 387 906 454 -15-.

189 545 331 640 ἄμπελον
359 548 526 628 κόπτοντες
555 547 612 634 τὴν
640 549 721 637 περὶ·
736 548 772 618 τὸ
801 547 906 636 ἱερόν,
939 553 1114 638 ἐσέβαλλον
1134 549 1193 618 καλ

188 659 301 740 λῖξνους
330 658 402 749 ἅμα
430 661 489 730 καλ
509 658 643 738 πλίνθον
664 662 702 728 ἐκ
722 660 786 728 τῶν
807 661 981 728 οἰκοπέδων
1006 662 1068 728 τῶν
1089 656 1192 750 ἐγγύς

188 774 435 858 καθαιροῦντες.
482 777 562 839 Nam
592 778 724 854 priunum
756 761 883 852 quidem
910 779 1107 838 manifestum
1129 783 1191 856 est,

187 889 388 967 participium
419 875 562 968 ἄμπελον
592 876 761 958 κόπτοντες
785 889 897 948 eodem
926 888 1074 964 exemplo
1101 903 1190 948 osur-

188 1005 296 1076 μίτον
323 1015 414 1070 esse,
449 993 512 1074 duo
538 1000 727 1076 superiora,
757 1017 839 1074 quae
860 1001 1010 1078 tractavi,
1048 997 1192 1062 declarat

189 1111 290 1181 miro,
325 1107 409 1169 unde
442 1110 559 1185 sunrptl
590 1109 654 1168 sint
683 1108 778 1179 valli,
812 1111 865 1184 qui
892 1110 1017 1168 bonrum
1042 1125 1086 1166 ex
1106 1108 1192 1166 losse

188 1224 330 1294 egestam
358 1219 518 1292 utrimque
543 1220 711 1278 interram
740 1220 837 1278 delixi
861 1221 1030 1291 cobibent3
1063 1218 1191 1279 scilicet

188 1347 233 1388 ex
261 1330 380 1392 vitibus
407 1328 484 1386 lacti
507 1333 581 1388 suut
604 1328 698 1399 valli3
728 1337 825 1403 atque
848 1331 879 1388 id
904 1330 957 1387 bic
979 1347 1039 1406 per
1060 1329 1190 1405 partici-
1258 1369 1260 1374 -

186 1439 275 1514 plum
295 1426 462 1508 κόπτοντες
484 1439 579 1514 plano
602 1439 714 1498 eodem
739 1440 831 1499 modo
850 1441 1033 1499 declaratur
1049 1445 1085 1497 ut
1102 1437 1190 1496 dein·

189 1563 267 1624 ceps
286 1550 322 1608 in·
340 1553 495 1624 sequuta
516 1552 655 1609 membro
677 1566 737 1625 per
750 1543 985 1627 καθαιροῦντες
997 1549 1189 1624 explicatur,
1275 1555 1278 1562 ⁴

186 1657 271 1718 node
293 1656 508 1718 Ataenrenses
526 1657 651 1734 lapides
672 1657 854 1734 lateresqoe
877 1627 1078 1736 acceperint,
1111 1673 1190 1731 quos

186 1767 271 1826 inter
298 1768 400 1827 vallos
425 1769 623 1846 injecerunt3
654 1784 717 1842 quo
737 1770 784 1838 nt,
816 1774 851 1830 ut
871 1770 903 1829 ln
928 1771 990 1828 bac
1012 1775 1118 1829 nostra
1139 1785 1189 1825 ru·

186 1878 274 1936 tione
294 1893 413 1938 summa
434 1879 475 1938 sit
497 1879 648 1939 orationis
670 1879 887 1954 aequabilitas.
922 1878 972 1938 De
994 1881 1065 1955 ipso
1085 1884 1189 1938 autem

185 1989 294 2063 operis
314 2005 435 2062 genere
457 1988 598 2056 conferri
612 1989 710 2048 debet
724 1990 816 2048 locos
833 1988 944 2047 sinrilis
958 1988 1015 2047 lib.
1031 1987 1076 2059 ll,
1098 2006 1126 2046 c.
1138 1985 1189 2046 75.

186 2094 259 2158 Non
289 2097 373 2169 l'ogit
399 2115 437 2156 ea
466 2098 640 2184 explicatio
669 2097 872 2174 Popponem‚
909 2096 965 2156 sed
988 2106 1119 2159 secutus
1139 2100 1191 2155 est

187 2205 380 2265 deteriorem
413 2213 585 2283 propterea
614 2209 699 2282 quod
728 2209 830 2267 uulnus
857 2209 902 2298 eix
921 2208 1070 2285 placebat
1099 2209 1189 2265 verbi

186 2307 361 2393 ἐσέβαλλον
396 2319 583 2390 collocatio;
623 2334 805 2392 quamquam
832 2319 907 2376 bute
935 2317 1062 2392 quidem
1094 2334 1188 2390 argu·

187 2430 296 2486 mento
316 2443 378 2487 nec
396 2429 466 2505 ipse
487 2430 618 2488 multum
639 2429 789 2489 tribuisse
812 2427 951 2499 videtur,
973 2445 1034 2487 nec
1056 2427 1110 2485 alii
1132 2429 1189 2512 tri·

188 2539 287 2596 boeot
315 2537 493 2613 quicquam.
537 2539 660 2604 Verum
691 2539 852 2599 enimvero
874 2543 1003 2612 gravius
1024 2537 1104 2596 illud
1128 2545 1190 2609 est,

188 2647 272 2721 quod
301 2647 362 2709 ait:
398 2650 469 2723 quis
498 2649 601 2709 vallos
630 2666 674 2708 ex
695 2650 813 2708 vitibus
834 2648 939 2707 suctos
961 2665 1031 2708 esse
1056 2642 1191 2710 credet?

188 2754 236 2816 Et
262 2756 345 2815 inira
375 2775 446 2833 cap.
481 2755 540 2817 100
568 2759 667 2831 (male
690 2760 774 2818 eninr
796 2759 926 2834 scripsit
948 2753 1039 2834 106.)
1066 2761 1151 2820 vites
1172 2779 1191 2818 o

188 2856 308 2944 ξύλοις,
330 2867 363 2924 id
386 2873 435 2926 est
456 2886 474 2927 a
495 2869 599 2940 vallis,
622 2869 761 2927 discerni
786 2866 906 2928 llcilru.
926 2876 1018 2928 reete
1040 2873 1189 2928 observa·
1272 2945 1275 2954 ι

188 2948 242 3040 vit.
283 2975 412 3037 Nollem
433 2981 512 3036 vero
534 2980 583 3038 bis
604 2980 649 3038 itu
670 2996 780 3054 parurn
798 2978 995 3038 considerate
1011 2993 1085 3036 usus
1104 2987 1190 3038 esset

188 3090 237 3146 vir
267 3087 310 3145 cl.
375 3084 455 3147 Num
488 3090 528 3146 de
556 3090 676 3148 vitibus
707 3089 835 3162 quidem
862 3087 960 3146 facile
987 3088 1123 3160 largior,
1162 3090 1189 3146 si

188 3199 258 3272 quis
285 3197 426 3256 fortioris
455 3197 534 3273 ligni
548 3199 685 3273 copiam
707 3198 838 3270 babeat,
870 3215 941 3256 eum
963 3215 1024 3257 non
1047 3199 1111 3256 illis
1133 3218 1190 3274 po·
1314 3188 1318 3195 ’

186 3310 340 3368 tissimum
372 3322 498 3366 usurum
528 3309 567 3367 ad
597 3309 698 3368 vallos
732 3308 966 3378 condolend0s3
1004 3307 1060 3366 sed
1095 3309 1125 3366 in
1154 3326 1189 3366 re

188 3418 368 3478 necessaria
389 3434 483 3492 quum
505 3436 585 3494 opus
606 3409 688 3478 ononi
712 3418 805 3478 modo
828 3417 1054 3489 festinabatur,
1078 3436 1134 3478 cur
1156 3421 1190 3477 id

80 3562 83 3570 ·
188 3528 306 3590 sactum
328 3545 398 3588 esse
421 3547 484 3588 non
507 3523 681 3592 credatur?
716 3546 811 3603 quum
833 3529 1020 3621 praesertim
1044 3530 1104 3587 bue
1128 3549 1191 3590 non

188 3638 373 3698 Marcblcae
400 3640 565 3713 quaepiam
592 3640 674 3699 orale
697 3647 790 3701 uatae
812 3639 896 3697 vites
917 3640 981 3696 siut
1001 3637 1057 3696 sed
1081 3637 1189 3698 Boco-

82 3731 87 3736 ’
188 3750 274 3809 ticae
296 3750 327 3808 in
354 3749 427 3809 loco
449 3763 541 3808 sacro
559 3750 732 3824 antiquitus
752 3748 925 3820 diligenter
944 3747 1059 3808 cultae.
1094 3752 1189 3816 ttuod

189 3876 266 3919 vero
297 3863 458 3935 postremo
489 3858 564 3918 loco
597 3864 728 3918 auctore
756 3856 947 3918 Hcibuanno
973 3866 1188 3928 argumentum

189 3969 296 4045 posuit
316 3968 442 4046 Poppo,
465 3988 507 4030 eo
527 3985 643 4029 vereor
663 3987 703 4028 ne
725 3985 782 4028 sua
802 3968 872 4043 ipse
894 3969 1002 4026 vineta
1024 3968 1189 4030 ceciderit.

190 4075 271 4138 Nam
293 4079 432 4138 discerni
455 4079 582 4155 quidem
611 4096 681 4166 cap.
707 4076 776 4138 100.
798 4078 882 4139 vites
904 4097 923 4136 a
944 4064 1060 4154 ξύλοις,
1081 4095 1188 4137 vorum
1249 4145 1252 4154 ‚

165 4204 266 4250 *sane
288 4194 354 4261 est;
381 4191 439 4252 scd
459 4179 543 4268 ξύλα
564 4190 667 4251 vallos
688 4205 772 4262 esse,
793 4205 902 4248 verum
925 4204 985 4246 non
1008 4193 1065 4246 est.
1111 4186 1189 4248 Nor·
1298 4199 1300 4203 ·
