3012 4796
504 383 832 458 i-105-

215 547 309 634 σφίσι
329 569 407 615 vero
429 553 550 616 dictum
572 560 623 616 est
643 561 680 616 nt
700 555 778 617 elibi
798 546 888 616 erardi
909 551 999 634 σφοῖς
1020 557 1062 628 de
1074 559 1146 618 acie
1158 560 1213 618 ed·

214 682 315 729 verse
358 665 533 728 Praetereo
559 665 601 726 sd
628 664 851 742 explicandum
877 667 978 730 totius
998 668 1064 728 loci
1086 674 1213 730 senteu-

213 777 290 836 tiam
316 776 397 836 illud
424 775 527 849 eddo,
561 775 764 854 perticipium
784 764 936 858 γνόντες,
975 777 1018 836 de
1040 794 1103 853 quo
1124 784 1215 836 recte

209 883 275 964 jum
302 885 356 946 elii
383 889 579 960 stetuerunt,
610 904 673 946 nou
700 885 956 963 conjungendum
977 903 1048 948 esse
1072 905 1144 946 cum
1164 903 1215 946 se·

213 1001 331 1070 quente
352 997 539 1056 accusativo
556 985 614 1065 νὰς
635 988 729 1073 ναῦς,
749 996 808 1055 sed
829 997 1007 1058 accusativi
1027 997 1102 1056 loco
1117 997 1213 1056 intel-

211 1105 270 1181 ligi
293 1124 344 1176 er,
367 1121 450 1180 quae
471 1105 568 1183 poulo
589 1111 663 1166 ente
686 1093 775 1165 dictu
795 1111 880 1177 sunt,
903 1107 994 1184 cujus
1012 1122 1087 1168 usus
1103 1123 1214 1166 exem·

211 1215 267 1293 ple
288 1230 384 1290 supra
408 1214 502 1274 attuli
526 1232 594 1291 cop.
617 1213 659 1277 V.
681 1216 721 1275 ed
742 1215 798 1276 lib.
820 1214 918 1290 VIII,
941 1235 970 1275 c.
994 1214 1043 1280 71.
1087 1214 1214 1276 Deinde

211 1323 428 1401 perticipium.
452 1313 665 1403 ὑπολαβόντες
704 1325 861 1399 quomodo
899 1326 1038 1400 intelligi
1075 1326 1215 1386 voluerit
1308 1324 1317 1334 ‘

209 1432 324 1510 Poppo
357 1453 418 1495 non
445 1437 521 1494 sutis
543 1435 737 1507 declaravit3
772 1451 855 1508 (puae
882 1437 964 1495 enim
991 1434 1099 1496 Bauer
1123 1431 1214 1513 ponit

208 1545 301 1604 verbi
326 1533 568 1626 ὑπολαμβάνειν
594 1543 742 1620 exempla
769 1544 823 1608 lib.
846 1544 878 1615 1,
906 1563 933 1608 c.
957 1541 1006 1609 68.
1034 1551 1068 1606 et
1091 1563 1117 1608 c.
1143 1545 1212 1609 121.

209 1672 248 1714 ea
268 1655 461 1716 alienissime
483 1671 554 1714 esse
582 1655 788 1732 pronunciat,
822 1655 939 1715 deiude
961 1655 1084 1715 Duhrei
1106 1658 1213 1717 verbis

208 1764 339 1841 deleget
360 1764 400 1822 ed
422 1764 555 1837 lib.V1,
579 1783 608 1826 c.
623 1762 672 1829 28.
694 1765 740 1825 ihi
760 1779 869 1828 rursus
882 1763 1004 1823 Dubrei
1021 1769 1212 1826 sententiam

207 1874 249 1934 de
278 1874 469 1949 corrigendo
495 1875 571 1932 loco
596 1875 718 1935 refutet
743 1879 778 1933 et
803 1861 1044 1954 drohapboiverv
1066 1875 1213 1951 explicet

207 1987 411 2061 excipere,
433 1984 630 2058 arriperem
652 1981 852 2059 egiturenim
867 1984 908 2042 de
925 1983 1118 2056 criminibus,
1130 2002 1212 2058 quoe

206 2099 239 2156 in
261 2090 464 2156 Alcibiadem
487 2093 709 2176 conferuntur3
730 2095 764 2156 iu
784 2113 877 2169 quum
895 2094 1083 2154 sententiam
1105 2110 1212 2155 rursus

206 2207 355 2268 Dobreus
376 2203 567 2263 alienissime
589 2208 624 2264 et
646 2203 858 2264 diversissimo
880 2204 1030 2279 exemplu
1051 2205 1159 2264 attulit
1176 2213 1212 2266 et

205 2319 285 2388 huc,
314 2314 354 2374 de
377 2331 440 2388 quo
461 2314 600 2388 agimus,
627 2317 662 2372 et
683 2313 737 2376 lib,
760 2313 805 2385 V,
827 2333 857 2376 c.
872 2311 929 2380 m.
953 2314 1007 2374 ubi
1026 2303 1211 2394 ὑπολαμβά.

204 2448 272 2488 urm
292 2431 342 2486 est
362 2425 554 2500 excipere
575 2424 614 2483 in
635 2423 924 2505 respondendu3
947 2421 1086 2498 denique
1103 2422 1209 2486 Hero·

90 2613 92 2622 Ι
206 2539 272 2600 dot.
285 2536 347 2609 vl,
371 2553 399 2594 e.
416 2531 468 2596 27.
492 2533 679 2593 ubidicitur
700 2531 741 2590 de
759 2534 812 2610 iis,
835 2549 913 2608 quos
931 2531 1066 2609 Delphis
1083 2535 1208 2595 domum

204 2653 406 2710 revertentes
422 2647 454 2704 in
476 2646 594 2704 itiuere
613 2646 739 2702 morbus
753 2643 905 2718 pestilens
919 2644 1099 2720 intercipit3
1122 2646 1208 2719 quod

205 2758 334 2836 quidem
359 2755 503 2832 proxime
531 2753 661 2814 scecht
687 2753 727 2811 ed
755 2751 874 2812 Beueri
902 2752 1051 2826 exemplo
1076 2773 1095 2812 e
1121 2753 1205 2829 Pop·

204 2887 288 2947 pone
306 2839 498 2940 improbetur.
546 2862 607 2923 llis
633 2863 732 2936 igitur
760 2861 918 2936 quomodo
946 2861 993 2919 uti
1013 2860 1153 2920 voluerit
1174 2869 1208 2922 et

205 2979 283 3057 quid
311 2973 579 3053 comprobaverit,
611 2974 729 3034 viderit
756 2974 836 3049 ipse.
878 2970 955 3044 Ego
981 2973 1108 3030 interim
1128 2963 1206 3032 ὐπο-

203 3077 383 3171 λαμβάνειν
403 3086 599 3159 interpretor
620 3084 765 3142 iuterci
773 3098 882 3160 pere,
908 3081 941 3140 in
963 3098 1054 3160 quum
1075 3079 1205 3142 senten·

203 3205 280 3263 tium
305 3195 389 3258 houd
421 3193 526 3253 aliene
551 3198 626 3253 sunt
645 3190 765 3252 Beueri
792 3191 955 3266 exemplu,
990 3192 1104 3264 quibus
1129 3191 1206 3251 eddi

205 3313 301 3372 etiem
323 3305 424 3384 possit
449 3304 536 3362 uliud
562 3303 617 3387 lib.
639 3300 701 3378 VI,
726 3320 754 3366 c.
776 3297 828 3360 58.
871 3299 1008 3360 Scilicet
1029 3302 1140 3377 fugato
1160 3303 1203 3361 si-

203 3425 302 3482 nistro
332 3415 635 3490 Peloponnesiorum
667 3427 764 3482 cornu
793 3411 928 3503 liberum
956 3410 1204 3472 Atheniensibus

203 3533 266 3592 fuit
290 3528 443 3601 deinceps
468 3522 603 3582 medium
625 3522 708 3580 uciei
727 3526 849 3597 purtem
869 3520 1038 3595 tundere,
1070 3540 1203 3599 eumque

204 3635 484 3717 deprehenderunt
512 3635 552 3692 ob
578 3631 637 3690 illo
663 3633 785 3691 auxilio
805 3631 961 3694 nudatam.
1005 3630 1102 3699 Quod
1125 3650 1202 3692 con-

199 3752 284 3829 jecit
304 3750 452 3809 Dobreus
480 3748 515 3803 et
538 3740 623 3817 quod
644 3741 721 3800 mihi
743 3758 869 3817 quoque
890 3742 923 3800 in
945 3745 1081 3801 mentem
1103 3758 1201 3802 vene·

203 3867 255 3923 rut
281 3843 496 3936 ἀπολαβόντες
522 3852 681 3921 scribere,
715 3851 817 3909 minus
842 3850 971 3910 videtur
996 3855 1102 3924 epium
1129 3866 1200 3908 esse

202 3975 372 4049 propterea
395 3967 479 4042 quod
499 3982 568 4024 nun
595 3963 695 4036 ipsum
719 3961 868 4035 impetum
890 3963 930 4019 uh
952 3957 1200 4020 Atheniensibus

203 4084 321 4142 sectum
354 4078 526 4155 signIhcut,
560 4072 618 4134 sed
646 4070 793 4132 nudatam
824 4071 919 4130 modo
946 4075 981 4128 et
1006 4072 1047 4128 ab
1072 4068 1199 4129 siuistro

951 4178 971 4243 8
