3012 4796
579 375 812 444 ..109-

193 545 249 606 alii
271 547 395 607 cuidam
418 545 491 605 luco
514 548 580 610 lit).
603 546 681 621 ΙΙΙ,
705 567 731 610 c.
756 547 784 610 d.
807 541 846 607 οὐ
865 540 935 627 γὰρ
950 538 1113 607 ἐπίστευον
1135 551 1196 618 τοῖς

194 645 258 714 ἀπὸ
274 651 337 715 τοῖν
348 647 525 731 'annaniae
535 646 764 736 προχωρήσειν.
787 675 867 731 quae
882 661 980 717 verba
994 676 1089 732 quum
1102 664 1197 718 anteo

194 767 314 826 rectius
343 766 602 841 explicarentur,
634 767 748 843 Poppo
774 786 857 826 nurnc
888 767 980 828 Duca
1007 776 1140 827 praetore
1162 777 1197 826 et

193 876 262 951 ipse
292 876 372 935 niele
403 877 583 952 explicavit
609 881 644 936 et
673 879 705 936 in
735 878 870 937 eundern
900 894 1039 935 errorern
1062 877 1197 936 deduxit

193 981 384 1045 Haaclriuru.
425 983 559 1046 Putavit
579 989 662 1046 enirn
685 987 748 1057 τοῖς
772 977 837 1046 ἀπὸ
857 980 920 1046 τῶν
938 977 1117 1059 Ἀθηναίων
1138 1005 1195 1060 ge-

193 1079 468 1156 nere‘ruasculiuo
491 1097 569 1169 dici,
589 1098 777 1172 legatosque
799 1097 938 1169 intelligi
960 1095 1102 1157 Atlrenas
1123 1098 1195 1154 nris-

192 1219 260 1274 sos,
298 1205 412 1277 quibus
443 1223 506 1264 nou
540 1207 740 1268 confiderent
778 1207 971 1284 Mytilenaei
1007 1205 1125 1279 aliquid
1157 1208 1197 1262 ab

192 1309 444 1374 Atheniensibus
472 1331 696 1392 processurum
718 1334 800 1378 esse.
845 1315 881 1375 ln
904 1334 964 1390 qua
985 1317 1108 1374 ratione
1130 1317 1195 1390 pri-

192 1439 274 1480 murn
305 1409 385 1481 illud
414 1424 527 1485 falsum
549 1431 619 1502 est,
653 1428 738 1501 quod
761 1429 793 1486 in
815 1425 968 1500 Prolegg.
990 1425 1054 1485 vol.
1076 1423 1103 1489 Ι.
1124 1441 1196 1500 pag.

196 1528 267 1595 176.
289 1520 354 1591 dard
378 1536 620 1610 praepositionis
640 1552 731 1596 usuru
753 1535 884 1593 defendi
907 1552 1000 1611 posse
1014 1538 1127 1595 statuit
1139 1535 1197 1592 illo

191 1641 266 1700 loco
290 1642 347 1702 lib.
369 1642 439 1716 ΙΙΙ,
471 1662 499 1701 c.
524 1643 554 1708 5,
583 1639 613 1702 οἱ
634 1638 661 1703 δ’
683 1639 721 1703 ε’νε
742 1621 967 1719 τῶνἈὲιηνῶν
988 1638 1134 1722 πρέσβεις
1155 1637 1198 1712 ὦς

192 1742 287 1811 οὐδὲν
312 1736 413 1826 dim
439 1741 633 1831 πράξαντες,
663 1757 716 1813 uni
746 1749 785 1812 ἐκ
811 1757 1006 1831 praepositio
1037 1773 1094 1813 cur
1122 1756 1197 1830 poni

191 1864 352 1939 potnerit,
379 1863 547 1922 maull'esta
568 1879 663 1921 causa
684 1868 750 1934 est,
772 1865 814 1922 de
837 1883 899 1938 qua
920 1864 989 1922 dixi
1010 1880 1106 1938 supra
1128 1882 1198 1938 cap.

191 1969 235 2034 V.
261 1990 357 2046 quum
385 1972 426 2030 de
456 1971 531 2030 loco
559 1972 616 2037 liu.
643 1971 692 2044 V,
721 1991 750 2032 c.
778 1970 817 2031 67
841 1989 981 2044 agerem.
1028 1971 1093 2030 llic
1121 1990 1199 2030 vero

191 2082 267 2141 talis
298 2097 394 2140 causa
420 2081 508 2140 nulla
536 2087 602 2155 est,
634 2101 696 2142 nec
726 2082 875 2160 prolecto
902 2083 1065 2155 quisquam
1086 2082 1120 2139 in
1141 2082 1199 2140 illo

191 2191 255 2261 τοῒς
275 2180 341 2250 ἀπὸ
365 2184 428 2251 edu
442 2183 622 2266 Ἀθηναίων
643 2193 686 2251 de
703 2192 878 2252 masculino
893 2208 1014 2266 genere
1031 2192 1198 2276 cogitabit,

191 2303 247 2376 qui
278 2301 455 2361 meminerit
484 2300 591 2362 loenru
627 2303 820 2361 simillimum
852 2319 944 2376 queru
982 2315 1078 2375 supra
1106 2301 1198 2384 posui

191 2414 248 2471 liu.
269 2410 303 2484 Ι,
331 2429 361 2473 c.
386 2409 455 2474 127.
483 2403 662 2491 νομάζοντες
687 2405 769 2491 ῥᾷον
796 2403 890 2489 σφίσι
917 2397 1137 2488 προχωρήσειν
1158 2400 1199 2467 τὰ

191 2510 256 2582 ἀπὸ
282 2515 345 2582 τοῖν
364 2511 552 2596 Ἀξιηναίων.
603 2522 672 2583 Sed
698 2523 841 2581 nimiruur
871 2522 1076 2581 ollensionern
1105 2538 1197 2596 prae·

191 2633 263 2692 buit
290 2632 417 2693 dativus
442 2631 521 2708 τοῖς,
556 2636 609 2706 qui
636 2635 663 2691 si
696 2651 767 2692 curn
792 2623 957 2690 ἐπίστευον
980 2631 1197 2708 conjungitur,

92 2793 97 2804 ,
191 2744 239 2802 uti
267 2742 381 2812 debet,
415 2759 478 2800 nou
504 2749 580 2818 apte
602 2742 677 2801 addi
700 2743 786 2801 visos
807 2746 858 2799 est
879 2741 1052 2800 infinitivus
1072 2759 1196 2816 προχω·

191 2843 318 2932 ρήσειν,
341 2857 377 2912 ut
397 2852 599 2911 scribendum
621 2852 730 2929 potius
750 2851 849 2910 fuerit
869 2841 1050 2925 ἐπίστευσεν,
1071 2838 1111 2908 τοὶ
1132 2839 1197 2906 ἀπὸ

191 2957 253 3022 τῶν
280 2954 322 3022 Ἄ.
348 2949 579 3041 προχωρήσειν.
628 2961 762 3024 Poterat
788 2966 892 3020 tamen
922 2961 955 3018 iu
982 2961 1041 3018 hac
1069 2976 1195 3032 quoque

190 3091 227 3133 re
254 3071 384 3132 veriora
409 3070 530 3130 docere
552 3071 651 3147 ipsius
672 3087 747 3132 usus
769 3068 989 3148 Thucydidis,
1021 3071 1196 3145 diligenter

191 3185 396 3253 observatus3
428 3183 542 3239 eodem
571 3182 655 3240 enirn
684 3182 778 3242 modo
806 3181 891 3240 dixit
917 3181 972 3239 lib.
993 3177 1060 3258 IV,
1090 3198 1120 3242 c.
1143 3177 1195 3237 92.

189 3281 418 3360 πιστεύσαντες
444 3283 488 3366 τῷ
514 3281 584 3366 &aad
608 3279 685 3369 πρὸς
710 3285 801 3372 ήμῶν
826 3278 981 3362 ἔσεσθαι,
1013 3290 1098 3364 quod
1118 3292 1195 3349 itcru

191 3405 255 3484 dici
274 3404 397 3479 potuita
417 3389 657 3474 πιστεύσαντες,
678 3391 733 3461 τὸν
754 3391 832 3470 &edu
853 3391 929 3479 πρὸς
944 3393 1034 3479 ήμῶν
1048 3389 1195 3470 ἔσεσθαι·

192 3512 342 3598 Ceterum
364 3512 418 3571 liic
442 3526 515 3570 usus
535 3529 598 3570 nou
621 3513 684 3571 hoc
705 3529 768 3571 uno
789 3515 888 3570 verbo
911 3512 1108 3582 continetur,
1137 3512 1195 3570 sed

191 3630 281 3700 patet
301 3624 398 3683 latius
418 3623 579 3696 habetque
602 3639 797 3680 communem
817 3622 956 3696 aliquam
979 3621 1104 3693 legem,
1133 3639 1196 3695 qua

192 3741 321 3810 praeter
343 3738 471 3792 ceteros
492 3747 568 3792 usus
588 3736 639 3792 est
659 3730 845 3805 frequenter
858 3721 1081 3808 Thucydides.
1113 3729 1194 3791 Nam

191 3859 287 3918 quum
313 3844 405 3903 verbi
436 3843 574 3919 alicujus
601 3845 690 3901 notio
715 3842 864 3902 simulet
886 3843 1011 3902 nouriue
1032 3842 1140 3916 aliquo
1162 3847 1196 3901 ct

192 3953 348 4012 induitivo
369 3954 551 4015 accuratius
572 3951 697 4012 deliniri
719 3956 842 4028 potest,
864 3953 910 4012 ita
930 3956 1048 4024 tamen,
1071 3957 1107 4011 ut
1127 3970 1196 4032 rur·

192 4077 245 4124 sus
280 4063 425 4127 iulinltivi
459 4064 548 4128 notio
574 4063 687 4125 eodem
712 4063 838 4128 nornine
866 4063 992 4124 deliniri
1016 4063 1134 4140 possit,
1172 4063 1196 4119 ii
