3010 4812
703 397 914 464 ..(12.-

306 573 495 645 fungentur,
524 560 711 646 'praesertim
733 537 828 646 quum
852 571 917 630 iliis
938 571 1087 648 dicendi,
1115 588 1179 632 uuo
1200 577 1308 631 eutem

305 684 356 740 his
376 681 563 741 aestimaudi
588 682 632 740 sit
655 683 737 740 totio
759 681 926 740 reddendo
949 697 988 741 uo
1011 683 1175 756 proposito
1194 699 1307 758 poeno.

306 789 393 857 Quid
428 791 525 850 vorot
561 807 632 849 num
668 791 752 849 fonte
775 792 855 848 'ideo
883 795 1027 850 oratores
1053 792 1227 866 sapientius
1255 806 1308 850 res

306 901 429 960 foturus
451 903 660 977 prospicient,
683 902 767 974 quod
791 902 897 959 sciunt
918 901 1054 962 infestos
1074 902 1134 959 stoi
1149 918 1186 958 ae
1203 903 1305 976 suspi-

306 1015 411 1070 eiosos
439 1011 635 1071 audientium
663 1013 781 1070 unimus
808 1011 900 1070 foret
943 1009 982 1070 ld
1005 1012 1088 1069 enim
1111 1012 1138 1070 si
1158 1015 1308 1086 reputent

304 1115 339 1180 ἓν
360 1114 404 1196 τῷ
425 1116 535 1196 τοιῷδε
557 1112 700 1196 α’ξιοῦντι
721 1121 782 1178 siti
803 1120 973 1180 dicendum
988 1120 1071 1192 fore,
1093 1121 1192 1180 multo
1208 1121 1308 1205 magis

305 1232 346 1290 de
377 1231 578 1308 decipiendis
609 1238 644 1290 et
672 1232 961 1290 circumveniendis
992 1233 1170 1292 auditorum
1196 1232 1307 1290 animis

283 1333 285 1338 ¹
305 1344 492 1415 cogitabunt
513 1358 606 1414 quom
629 1341 670 1398 de
693 1359 743 1411 eo,
766 1345 801 1398 ut
822 1343 887 1399 sint
906 1333 1077 1417 περαιτέρω
1092 1334 1305 1419 προνοοῦντες.
1399 1383 1404 1404 .

304 1451 371 1512 Sed
397 1453 459 1510 hoe
480 1451 712 1510 incommodum
735 1453 779 1508 itu
801 1450 873 1509 tolli
895 1453 1033 1526 poterit,
1072 1454 1106 1508 ut
1127 1441 1189 1508 καί
1207 1452 1305 1525 perti·

304 1562 395 1632 euin,
420 1562 450 1619 id
477 1560 562 1635 quod
586 1577 648 1632 ego
671 1579 796 1635 qnoque
823 1563 855 1620 in
878 1560 1093 1619 mentatione
1116 1558 1220 1630 focio,
1242 1579 1305 1620 nou
1346 1580 1350 1592 ¹

301 1689 361 1748 pro
388 1679 428 1731 et
454 1672 634 1745 accipietur
657 1671 715 1729 sed
745 1689 802 1748 pro
834 1673 952 1731 etiam
973 1672 1040 1728 sive
1063 1669 1142 1728 vel.
1186 1666 1307 1730 Restat

300 1789 403 1840 temen
427 1781 577 1851 elterum3
600 1780 699 1840 focile
722 1782 805 1840 enim
828 1783 939 1840 sentiri
962 1783 1109 1850 arbitror,
1131 1796 1193 1838 non
1217 1797 1303 1838 com·

300 1893 394 1952 mode
418 1892 483 1949 dici
505 1892 601 1951 iilud:
623 1880 687 1968 χρὴ
713 1880 748 1950 δὲ
767 1883 939 1969 περαιτέρω
961 1883 1304 1968 προνοοῦνταςλέγειν,

301 2005 374 2076 quia
396 2020 456 2060 non
481 2007 586 2076 potest
608 2005 655 2062 sic
677 2003 709 2060 in
732 2004 910 2061 universnm
928 1995 1047 2079 χρῆναι
1063 2000 1131 2058 dici
1149 2001 1194 2070 id,
1217 1999 1303 2073 quod

301 2131 363 2171 ιιοιι
392 2117 455 2170 tum
486 2112 606 2188 pendet
634 2132 653 2170 u
677 2113 841 2172 volontate
863 2113 1021 2188 hominum
1044 2129 1136 2186 quum
1159 2129 1178 2168 u
1199 2109 1302 2170 fucul-

301 2229 377 2284 tute.
433 2219 551 2280 Contra
583 2223 645 2280 hoo
679 2223 799 2281 dieitur
828 2224 1005 2281 rectissime
1035 2229 1069 2281 et
1095 2221 1301 2294 oequissime:

301 2337 461 2406 oportet
483 2347 567 2402 nost,
599 2350 709 2404 quum
731 2348 874 2390 summu
898 2333 1097 2391 commoda
1118 2335 1300 2405 uguntur,

299 2441 469 2501 ueletiam
493 2443 529 2499 in
552 2442 632 2500 isto
653 2447 790 2501 vestro
812 2458 915 2500 more
938 2443 1012 2500 hoe
1035 2443 1177 2500 unobis
1194 2443 1299 2516 ipsos

301 2556 485 2623 exigere,
543 2559 584 2611 ut
620 2553 822 2626 eliquanto
858 2553 1014 2625 longius
1055 2552 1298 2626 prospicien-

299 2669 359 2719 tes
380 2663 497 2719 verbo
519 2659 717 2720 faciemus
738 2694 799 2719 -.
834 2659 882 2722 Et
903 2662 935 2719 in
959 2661 1015 2719 tuli
1037 2677 1090 2732 re,
1112 2678 1207 2735 quum
1230 2661 1300 2734 quis

298 2771 370 2844 ipse
396 2773 435 2828 ub
461 2785 496 2828 se
518 2772 640 2845 aliquid
667 2773 772 2846 exigit
792 2774 845 2830 vel
867 2773 899 2829 id
924 2773 985 2831 sibi
1007 2771 1185 2830 faciendum
1208 2776 1300 2846 putot

297 2881 454 2954 tumqu'um
472 2881 649 2956 justumne
664 2883 817 2957 debitunt,
841 2882 923 2942 houd
942 2899 1014 2942 roro
1034 2874 1148 2958 ἀξιοῦν
1164 2880 1297 2957 dicitur,

297 2989 399 3048 veluti
429 2991 525 3064 poulo
556 2995 627 3066 post
658 3007 727 3067 cup.
752 2989 803 3050 46.
830 2979 964 3064 δεῖ-τήν
991 2981 1142 3067 φυλακὴν
1168 2979 1211 3070 μή
1234 2980 1298 3049 οἰπό

297 3093 360 3164 τῶν
388 3087 497 3178 νόμων
524 3093 577 3175 τῆς
607 3090 781 3176 δεινότητος
810 3093 924 3178 ἀξιοῦν
950 3101 1122 3178 ποιεῖσθαι,
1144 3093 1210 3159 uitt'
1235 3091 1298 3160 ἀπὸ

297 3202 360 3268 τοῖν
381 3196 484 3288 ἔργων
506 3205 560 3284 τῆς
580 3203 762 3290 ἐπιμελείας.
807 3205 886 3270 Item
915 3212 970 3270 iio.
993 3210 1020 3282 i,
1042 3230 1112 3287 cup.
1137 3209 1188 3270 74.
1210 3202 1298 3288 ἠξιω-

297 3339 403 3400 οαμεν
424 3309 600 3390 ἐκλιπόντες
621 3310 677 3394 τὴν
697 3310 787 3380 πόλιν
813 3313 884 3400 μηδ’
909 3304 951 3390 (ἃς
972 3310 1008 3379 τὸ
1029 3316 1092 3380 τῶν
1112 3312 1296 3398 περιλοίπων

295 3419 480 3510 ξυμμάχων
506 3420 615 3489 κοινὸν
641 3432 805 3508 προλιπεῖν.
861 3429 909 3491 Cf.
938 3433 991 3491 lib.
1014 3430 1042 3503 l,
1074 3447 1144 3505 cup.
1167 3429 1218 3488 22.
1243 3427 1293 3488 42.

297 3539 368 3600 122.
392 3542 445 3599 iio.
467 3540 513 3617 li,
538 3560 608 3617 cup.
632 3541 681 3600 11.
705 3540 755 3604 42.
779 3538 828 3600 43.
853 3544 909 3600 iiis
933 3537 1067 3617 oup.43.
1090 3537 1142 3604 64.
1163 3537 1292 3611 dolii,

297 3671 364 3728 cup.
387 3649 437 3712 37.
460 3647 511 3709 38.
536 3648 586 3710 39.
612 3651 659 3713 40.
683 3655 739 3714 bis.
762 3649 893 3730 oup.55.
918 3650 968 3711 61.
992 3650 1043 3712 66.
1065 3652 1119 3709 liu.
1136 3649 1198 3720 lv,
1222 3667 1293 3726 oup.

281 3749 346 3821 33.
378 3760 446 3823 122.
477 3764 531 3822 iio.
557 3761 639 3831 VH,
670 3782 738 3838 cup.
764 3761 792 3822 6.
824 3758 870 3832 15.
899 3771 934 3823 et
961 3763 1047 3824 alibi.
1090 3757 1236 3833 Denique
1264 3751 1295 3819 τί

293 3891 466 3949 pronomen
489 3875 542 3932 vix
558 3891 638 3948 opos
654 3880 703 3934 est
718 3875 900 3940 continuere
912 3871 1084 3946 exemptis3
1108 3871 1172 3927 vid.
1186 3853 1291 3930 tumen

292 3978 349 4037 lio.
371 3977 425 4047 ΙΙ,
456 4000 524 4058 cap.
547 3981 597 4048 89.
627 3979 672 4062 τῷ
698 3974 733 4043 δὲ
759 3973 905 4062 ἑκάτεροῖ
930 4005 957 4042 τι
977 3959 1186 4060 ἐμπειρότεροι
1208 3965 1291 4040 εἶναι

292 4080 493 4170 βρασύτεροί
509 4089 616 4173 ἔσμεν.

377 4196 485 4268 Iulli.
505 4199 612 4290 III,
642 4212 753 4284 cap..
776 4197 849 4269 118.
891 4193 949 4261 καὶ
970 4196 999 4259 οἱ
1020 4191 1078 4281 μὶν
1099 4202 1288 4280 Κερκυραῖοι

293 4305 405 4374 κακοῖο
442 4337 474 4374 τε
508 4307 568 4374 καὶ
597 4309 666 4375 κατ’
700 4308 814 4396 ὀλίγος
842 4303 1082 4393 προσπίπτοντες
1113 4306 1285 4372 ἐταλαιπω-
