3010 4812
608 382 826 450 —27-s

211 560 320 629 reptos
341 555 371 612 io
393 560 496 616 tutum
516 553 645 612 scilicet
661 553 768 613 locum
789 558 1029 628 transportabat.
1061 541 1212 622 Furinae

209 670 311 722 tomen
333 667 387 724 ubi
409 670 444 723 et
468 664 599 722 caedem
622 665 800 731 maritorum
823 670 858 724 et
876 662 1027 730 Pacltetls
1048 665 1211 734 libidinum

209 773 455 847 intellexerunt,
495 791 609 848 magno
641 773 747 833 auimu
785 774 869 832 inter
895 775 1030 834 hostium
1061 777 1212 839 stationes

209 883 336 958 elapsae
366 902 451 944 mare
480 899 591 943 versus
623 883 816 956 aufugerunt
846 888 881 942 et
912 886 1072 957 navigium
1099 890 1210 946 naemu

208 1007 326 1052 summo
355 1012 425 1052 cum
455 994 603 1069 periculo
630 991 775 1054 Athenas
802 980 1035 1068 pervenerunt(
1068 995 1119 1058 lbi
1144 1006 1220 1090 tou·

208 1101 288 1162 Cleo
310 1103 413 1180 plebis
436 1104 545 1163 lavore
568 1089 731 1164 maxir'nam
754 1105 926 1177 potentium
949 1105 1127 1177 obtinebat,
1156 1109 1209 1182 qui

205 1215 300 1271 humo
323 1223 357 1273 ut
378 1218 447 1272 erat
467 1215 500 1273 iu
521 1230 639 1273 summa
660 1211 787 1286 ignavia
807 1214 1007 1274 saevissimus
1028 1225 1062 1276 et
1078 1218 1208 1279 atrocis·

205 1325 303 1382 simae
334 1325 487 1400 cujusque
514 1323 691 1383 sententiae
713 1329 842 1392 auctor,
872 1324 1025 1410 adegerat
1046 1327 1208 1402 populata,

207 1437 242 1491 nt
274 1433 314 1491 tle
343 1435 426 1492 onroi
452 1433 721 1511 Mytilenaeorum
749 1433 881 1493 civitate
911 1435 1101 1510 supplicium
1128 1441 1208 1500 aurai

199 1544 347 1620 irrueret,
380 1561 543 1618 aegreque
567 1543 699 1602 lliorlotl
721 1542 827 1602 sturlio
850 1544 1030 1617 perfectum
1053 1555 1142 1620 erat,
1173 1555 1208 1610 nt

204 1658 324 1713 utntatu
348 1653 540 1729 populiscitu
563 1654 593 1710 io
617 1653 742 1712 nubiles
759 1655 879 1712 tantum
896 1656 1085 1718 saeviretur:
1125 1655 1205 1722 rtet·

204 1766 285 1824 lanis
307 1781 385 1822 vero
408 1769 442 1820 et
461 1759 613 1820 Lemanis
634 1779 726 1836 quum
751 1763 849 1836 patris
869 1765 1111 1840 maritorumque
1128 1769 1205 1828 ami-

204 1891 260 1932 cus
279 1883 314 1933 et
337 1875 529 1949 propinquus
551 1873 692 1942 adirent,
720 1888 827 1930 unanes
843 1889 939 1945 quum
961 1874 1206 1949 pulchritudiuis

201 2001 277 2043 suae
305 1990 370 2042 tum
398 1985 492 2042 animi
523 1982 718 2042 constantiae
746 1979 953 2044 admiratione
983 1983 1205 2059 impleverunt,

202 2111 305 2166 neque
334 2093 400 2152 nlla
426 2093 489 2150 alia
516 2096 581 2151 tum
612 2079 719 2150 subula
744 2094 813 2149 lota
842 2095 919 2152 urbe
946 2092 1106 2154 celebrior
1125 2094 1203 2171 fait3
1296 2109 1302 2122 ·

121 2220 127 2235 ·
200 2208 382 2278 tantumque
405 2208 475 2260 erat
495 2203 542 2260 rei
563 2201 748 2262 miraculum
761 2218 800 2258 ac
818 2205 881 2262 tam
898 2217 1054 2277 propensa
1068 2205 1204 2269 uranium

201 2314 364 2383 violantes,
397 2320 433 2372 nt
455 2313 571 2371 numiui
594 2312 723 2370 <lobium
748 2318 853 2380 esset,
884 2311 959 2386 quin
982 2313 1096 2380 iterum
1119 2315 1201 2374 miti-

202 2429 276 2496 gato
299 2424 493 2499 populiscitu
520 2423 689 2497 optimates
718 2437 844 2496 quoque
865 2421 1041 2482 incolumes
1064 2423 1203 2489 evadere

200 2537 386 2608 potuissent,
407 2534 435 2592 si
458 2533 606 2592 mulieres
629 2531 868 2606 pancisolielms
887 2533 974 2606 prius
989 2531 1201 2596 advenissent.

200 2643 266 2703 Setl
290 2644 364 2702 illae
388 2645 521 2716 patrium
545 2643 734 2715 maritasque
757 2657 852 2714 quum
874 2657 1003 2700 servare
1027 2643 1202 2705 iricoluroas

199 2771 260 2812 noo
288 2757 479 2829 potuissent,
515 2751 683 2811 fortissime
710 2758 814 2812 tameo
835 2752 986 2825 [perditus
1008 2753 1092 2814 ultae
1113 2764 1201 2826 sunt3

198 2881 268 2922 nam
291 2869 326 2922 et
347 2862 585 2934 pulchritudine
614 2863 648 2918 et
669 2861 817 2920 castitate
840 2875 959 2922 summa
980 2865 1016 2920 et
1037 2865 1201 2926 verissimo

199 2974 309 3032 ‹lolore
343 2973 424 3033 adeo
460 2977 616 3048 ceperunt
648 2970 805 3030 luminum
840 2973 977 3042 animus,
1020 2976 1199 3047 tantatnpue

197 3085 292 3143 tidem
312 3083 373 3142 silri
393 3101 431 3142 ac
452 3083 684 3142 miserationem
706 3082 842 3140 omniunt
863 3083 1083 3156 conciliarunt,
1105 3101 1199 3159 quum

198 3195 240 3252 tle
262 3195 394 3252 avaritia
409 3199 443 3251 et
465 3192 596 3268 pertidia
612 3198 647 3251 et
660 3191 793 3252 libirline
808 3191 960 3252 Pasitelis
978 3201 1199 3276 quererentur,

123 3343 127 3352 ·
197 3309 234 3364 ut
261 3319 354 3377 quum
383 3304 438 3362 ille
466 3307 506 3361 alr
534 3304 668 3377 imperio
690 3303 1104 3376 reversus'repeluntlarum
1125 3317 1199 3368 rens

194 3415 302 3495 ¹lactus
323 3422 424 3484 esset,
457 3413 684 3487 intensissimus
707 3413 841 3488 judices
860 3413 993 3472 haberet
1014 3412 1197 3486 desperato·
1230 3437 1236 3456 ’

197 3543 259 3598 que
281 3526 384 3585 salute
406 3524 522 3597 inipso
541 3522 668 3598 judicio
686 3538 721 3580 se
741 3521 850 3596 gladio
869 3524 1079 3596 transageret.
1114 3520 1196 3584 Hel·

196 3635 277 3693 lanis
298 3651 375 3692 vero
404 3641 438 3691 at
460 3630 607 3690 Lemanis
627 3633 659 3690 in
681 3631 864 3693 *desolatam
889 3635 1021 3705 patriam
1048 3647 1197 3697 reversae

198 3761 290 3818 quom
308 3745 391 3802 aliern
411 3744 563 3811 obissent,
585 3759 686 3818 prope
701 3744 830 3802 maritos
844 3743 990 3816 sepultae
1007 3743 1112 3802 inultis
1126 3748 1197 3816 port

197 3855 335 3914 saeculis
356 3855 503 3914 laurlilrus
526 3851 677 3926 cultaque
704 3855 840 3912 oninium
864 3851 1046 3912 celebratae
1066 3857 1140 3910 suut
1162 3858 1197 3915 ot

196 3963 383 4025 fortissimae
406 3964 567 4032 heroicae,
589 3963 710 4038 patriae
733 3963 978 4036 tnuritorumquc
1003 3962 1144 4022 ultrices.

279 4073 346 4133 Setl
368 4077 449 4135 lracu
477 4075 645 4144 hactenus3
673 4089 868 4147 quaequam
894 4089 972 4132 vere
995 4070 1195 4140 narraverint,

194 4185 314 4257 siquis
336 4201 532 4260 cognoscere
554 4187 656 4260 cupit,
678 4187 777 4242 testes
798 4183 914 4242 lausto
936 4181 1072 4244 Aristut.
1096 4179 1194 4242 Polit.

951 4285 996 4354 ga
