3010 4812
582 359 887 428 -25-*

182 537 340 615 probitate
367 535 526 607 insignes,
558 531 799 609 pulchritudine
828 547 906 594 vcro
928 538 1033 611 tanta,
1060 539 1099 613 ,ut
1119 527 1184 594 Le·

183 649 267 710 abias
293 643 418 724 puellas
443 659 552 704 ornnes
581 642 678 701 facile
699 643 887 722 vincerent3
919 646 1014 718 atque
1036 645 1076 703 ad
1099 649 1187 708 tanta

109 803 119 820 .
182 765 314 821 naturae
353 760 433 816 bona
465 753 665 813 accedebant
697 753 792 810 etiam
823 768 955 826 magnae
983 756 1083 830 patris
1104 756 1187 816 divi-

183 871 268 940 tiae,
302 883 383 942 quae
411 882 506 938 quum
532 863 635 922 virilis
655 862 783 921 soboles
804 862 893 922 nulla
913 870 1018 936 esset,
1054 866 1093 924 ad
1116 866 1189 925 illas

184 983 275 1038 erant
307 976 514 1034 deventuras.
571 971 681 1040 Quare
717 971 816 1032 multa
849 973 965 1048 ubique
997 975 1122 1035 illarum
1156 963 1217 1050 et'

184 1088 319 1162 egregia
339 1085 423 1145 fama
443 1089 523 1155 erat,
545 1099 605 1141 neo
628 1080 740 1140 deerat
760 1099 872 1158 magna
893 1084 1080 1158 optimorum
1095 1087 1190 1162 Juve-

185 1217 259 1258 num
291 1196 421 1266 cohors,
453 1193 507 1267 qui
539 1208 595 1253 eas
619 1194 678 1280 sibi
700 1195 741 1260 in
772 1196 1003 1254 matrimonium
1030 1199 1190 1271 peterent.

186 1305 271 1368 Erat
294 1305 406 1364 eodem
430 1311 574 1377 tempore
596 1301 774 1380 Mytilenae
798 1301 989 1364 Doxanrlros
1010 1304 1115 1378 magni
1135 1321 1191 1364 no·

187 1417 279 1474 minis
302 1415 392 1485 civis,
415 1413 577 1505 popularis
596 1413 722 1489 imperii
743 1413 850 1474 studio
871 1411 1118 1474 Atheniensibus
1138 1431 1193 1472 ac·

190 1525 389 1600 ceptlssimus
410 1527 445 1583 ct
465 1527 506 1582 ab
528 1525 568 1582 iis
588 1523 705 1598 hospes
727 1524 876 1598 publicos
891 1525 1091 1584 constitutus.
1128 1522 1195 1592 Qui

189 1641 313 1694 mortuo
341 1632 539 1708 Timophane
567 1649 662 1706 quum
690 1634 824 1693 haberet
850 1634 933 1693 lilios
955 1633 1052 1706 duos,
1087 1636 1197 1711 coepit

189 1762 302 1819 magno
324 1743 439 1802 ardore
468 1741 600 1800 consilia
623 1743 745 1816 agitare
773 1743 814 1802 de
837 1745 956 1820 nuptiis
978 1745 1064 1803 inter
1084 1745 1143 1804 hos
1163 1749 1198 1805 et

190 1855 278 1914 illius
312 1853 395 1912 illias
433 1851 654 1910 conciliandis.
711 1850 779 1911 Sed
810 1856 976 1912 obstabant
1005 1855 1118 1926 multa,
1158 1873 1198 1914 ac

182 1967 327 2024 >maxime
351 1961 479 2037 quidem
501 1961 594 2031 illud,
617 1959 702 2034 quod
724 1963 894 2036 propinqui
908 1963 1097 2040 puellarum,
1120 1981 1198 2038 quo·

191 2091 262 2133 rum
284 2089 343 2129 eae
363 2071 395 2128 in
417 2073 577 2144 potestate
600 2074 701 2142 erant,
727 2087 822 2145 quum
843 2076 884 2133 ab
906 2073 1105 2148 optimatium
1129 2090 1200 2148 par·

193 2184 280 2242 tibus
301 2186 437 2248 starent,
472 2179 596 2238 nobiles
617 2181 742 2256 nuptias
765 2183 1066 2258 circumspiciebant
1089 2183 1200 2257 plebe·

191 2274 285 2370 jiqne
312 2291 446 2350 hominis
467 2290 608 2349 sobolem
630 2294 887 2367 aspernabantur.
937 2290 1032 2360 Quot
1058 2293 1112 2352 ubi
1133 2291 1200 2352 Do·

195 2401 336 2462 xandrus
358 2399 532 2472 intellexit,
555 2403 625 2476 ipsa
650 2401 697 2458 rei
720 2401 893 2460 difficultas
903 2403 994 2462 anxit
1005 2404 1035 2460 ei
1054 2404 1202 2479 animum,

197 2519 231 2572 et
258 2513 298 2571 ad
329 2513 529 2587 contemptus
558 2527 684 2570 sensuro
711 2511 895 2578 accedente
918 2513 1108 2586 ambitione,
1136 2513 1204 2589 jam
1282 2483 1284 2492 ,

197 2622 290 2698 plane
313 2621 409 2681 vitam
431 2621 491 2679 sibi
514 2623 663 2680 acerbam
684 2638 722 2679 ac
744 2640 805 2680 non
819 2623 1015 2682 tolerandam
1024 2622 1204 2699 judicabat,

198 2732 258 2790 nisi
286 2731 464 2805 snperbiam
492 2729 644 2789 nobilium
666 2730 817 2804 fregisset
838 2747 1049 2806 summamque
1072 2733 1205 2805 gloriam

201 2860 263 2901 una
277 2858 346 2898 cum
362 2840 505 2898 proximis
519 2839 641 2899 divitiis
653 2841 793 2900 sarrriliae
807 2857 884 2902 suae
899 2848 1052 2920 parasset.
1086 2840 1205 2909 Quana-

200 2954 309 3010 obrem
335 2955 499 3026 postquam
528 2965 643 3027 preces
669 2955 704 3008 et
732 2948 815 3010 dona
834 2956 869 3010 et
888 2951 1013 3010 assidua
1033 2969 1125 3010 otone
1147 2969 1205 3024 ge-

200 3077 261 3120 nus
285 3060 393 3119 cilicia
418 3077 479 3120 non
506 3060 685 3136 procedere
707 3062 768 3120 sibi
789 3062 880 3123 videt
903 3061 1019 3136 etjam
1042 3065 1207 3121 constante

201 3187 326 3230 rumore
349 3169 413 3228 duo
436 3170 563 3243 quidam
587 3169 772 3229 nobilissimi
794 3173 911 3247 ephebi
927 3171 1030 3230 mariti
1045 3159 1207 3231 destinan-

202 3285 255 3340 tur
276 3279 404 3357 puellis,
426 3284 492 3338 tum
513 3295 591 3339 vero
613 3279 785 3338 violentius
805 3298 902 3356 agere
926 3281 1046 3357 coepit,
1068 3279 1131 3338 vim
1148 3279 1220 3361 nri-7

203 3392 298 3452 uitari
314 3391 484 3460 tutoribus,
506 3390 633 3465 plebem
651 3390 851 3448 contionibus
863 3391 1039 3463 exagitare,
1055 3387 1209 3449 nobilium

204 3501 317 3560 fastum
348 3505 384 3559 et
415 3500 629 3574 impotentiam
657 3515 826 3571 accusare,
861 3498 1000 3573 denique
1029 3499 1097 3558 sive
1131 3513 1208 3558 vere

205 3613 272 3670 sive
302 3610 383 3668 falso
412 3608 609 3668 clandestina
635 3627 744 3668 eorum
775 3608 907 3669 consilia
935 3625 1086 3684 crepare,
1121 3614 1209 3685 quasi

206 3721 392 3780 seditionem
415 3719 602 3779 molirentur
622 3737 660 3779 ac
678 3719 840 3778 civitatem
857 3715 1122 3778 Lacedaemoniis
1136 3735 1209 3794 pro-

210 3830 286 3888 dere
322 3829 446 3888 vellent
484 3830 649 3902 perpetuis
691 3829 854 3904 popularis
900 3829 1026 3904 imperii
1063 3827 1208 3888 inimicis.

207 3935 338 4012 Jamque
366 3958 406 3997 eo
427 3944 555 3997 ventum
578 3943 660 4015 erat,
683 3943 719 3998 ut
739 3954 790 3997 res
812 3937 852 3996 ad
875 3939 1042 4010 tumultum
1063 3941 1211 4014 spectare

209 4047 374 4108 videretur
394 4053 429 4108 et
450 4063 558 4107 manus
579 4048 675 4108 etiarn
697 4049 731 4107 in
753 4047 825 4108 foro
848 4053 1100 4108 consererentur.
1144 4042 1209 4106 Ne-

210 4174 274 4233 qoe
295 4161 398 4218 umen
420 4158 524 4221 territi
545 4162 620 4220 sunt
640 4157 817 4236 puellarum
839 4161 963 4220 totores
983 4175 1022 4217 ac
1041 4155 1211 4234 propinqui

993 4265 1012 4330 3
