3012 4796
571 412 782 477 .,93..

254 573 362 646 Iulli·
383 575 468 672 Vl,
490 592 598 662 Gali·
619 576 694 646 '80
715 574 773 642 καί
794 571 828 641 εί
842 604 884 658 τῳ
906 571 973 662 σ’ίρα
993 581 1172 662 παρέστηκε

161 683 225 752 νον
251 684 309 774 μὲν
331 681 551 774 Συρακόσιον,
580 683 696 751 ἑαυτὸν
723 685 750 751 δ’
779 684 818 750 od
849 687 996 773 πολέμιον
1022 683 1104 754 εἶναι
1129 689 1173 774 νῷ

168 795 325 881 Ἀθηναίῳ
352 793 411 862 καί
437 791 541 862 δεινὸν
567 794 693 883 ἡγεῖται
721 795 799 880 ὑπέρ
825 825 866 882 γε
892 797 946 877 τῆς
970 799 1048 885 ἐμῆς
1068 805 1174 865 orode.
1257 860 1263 866 .

169 902 284 991 νεύειν,
304 901 518 992 ε’νῇυμηὲιήνω
539 905 579 971 οὐ
601 904 669 991 περὶ
690 909 744 988 τῆς
764 906 842 992 ἐμῆς
861 907 995 994 μᾶλλον,
1014 909 1049 974 ἐν
1063 903 1123 991 ίσῳ
1138 906 1173 974 δὲ

170 1015 228 1084 καί
253 1019 307 1098 τῆς
333 1015 453 1082 ἑαυτοῦ
476 1010 549 1101 ἅμα
574 1017 609 1081 ἐν
631 1017 669 1104 τῇ
688 1016 750 1103 ἐμῇ
770 1011 980 1102 μαχούμενος
1001 1059 1035 1072 -
1064 1013 1119 1083 νόν
1140 1047 1173 1085 τε

168 1128 336 1210 Ἀἓιηναῒον
357 1122 400 1214 μὴ
423 1123 478 1208 τὴν
500 1127 558 1192 τοῦ
577 1125 780 1210 Συρακοσίου
801 1120 928 1211 ίχξιραν
948 1124 1173 1213 κολάσασξὲαι,

124 1245 127 1250 ’
169 1238 209 1325 νῇ
234 1237 261 1303 δ’
283 1237 346 1324 ἐμῇ
369 1231 529 1321 προφάσει
556 1231 612 1317 τὴν
633 1233 757 1302 ἐκείνου
779 1234 888 1320 φιλίαν
909 1235 975 1320 οὐχ
994 1227 1099 1318 ἧσσον
1120 1249 1172 1323 βε·
1231 1285 1234 1292 -

170 1335 384 1432 βαιιίσασβαι
416 1341 603 1431 βούλεσθαι.
659 1353 823 1412 Postrema
857 1355 951 1430 lrujus
980 1354 1045 1413 loci
1075 1359 1173 1415 verbu

170 1465 244 1540 quin
267 1463 416 1523 mendosa
437 1466 501 1524 sint
522 1465 661 1523 dubitari
685 1466 813 1538 nequit,
847 1482 979 1540 quorum
1005 1483 1095 1540 quarn
1117 1482 1171 1524 va·
1218 1519 1222 1526 .

169 1561 236 1636 riae
267 1576 329 1636 sint
360 1577 545 1652 propositae
576 1575 825 1648 explicationes,
860 1576 1021 1634 enarravit
1050 1575 1173 1650 Poppo,

171 1687 224 1762 qui
254 1691 359 1745 tamen
391 1691 426 1743 et
457 1686 526 1760 ipse
560 1684 690 1758 aliquod
719 1685 831 1744 vitium
863 1686 1050 1760 suspicatur.
1103 1682 1174 1744 Nec

171 1797 270 1869 tnagis
291 1793 455 1854 sulliciunt
478 1795 734 1867 emendationes,
769 1812 953 1870 quamquam
975 1784 1125 1853 δουλείαν
1146 1795 1174 1852 si

171 1907 291 1965 scribas
319 1923 389 1963 cnm
417 1901 557 1962 Reislrio
585 1909 619 1962 et
641 1904 761 1963 Didoto
783 1921 842 1979 pro
863 1895 989 1980 φιλίαν,
1023 1910 1079 1962 aut
1100 1892 1172 1980 βιά-

171 2025 302 2086 σασβαι
329 2033 400 2073 cum
422 2013 553 2072 Doureo
581 2019 614 2072 et
640 2013 794 2090 Poppone
823 2032 881 2089 pro
910 2000 1174 2092 depulsionem,

171 2126 333 2186 sententia
361 2124 487 2196 quidem
516 2131 589 2199 apta
616 2131 671 2183 aut
699 2128 789 2182 certe
815 2124 994 2185 tolerabilis
1024 2122 1172 2186 eflicitur.

170 2234 246 2309 Ego
267 2249 344 2291 vero
365 2233 446 2297 illud
469 2237 542 2292 ante
564 2236 667 2294 onmia
687 2241 803 2304 teneo,
827 2235 910 2310 qnod
934 2252 992 2309 pro
1013 2225 1079 2307 οὐχ
1100 2245 1172 2292 ante

170 2329 275 2420 ἧσσον
295 2345 416 2416 legitur
437 2330 494 2412 od,-
516 2345 548 2404 in
572 2346 664 2406 codd.
688 2363 817 2416 novem3
850 2363 911 2418 qua
932 2345 1089 2420 scriptura
1111 2345 1173 2403 hoc
1246 2353 1249 2360 '

170 2457 303 2532 primum
331 2454 487 2526 eflicitur,
523 2460 572 2526 nt,
604 2454 753 2530 quicquid
778 2455 818 2512 de
841 2457 948 2514 vernis
971 2456 1088 2514 ultimis
1108 2463 1172 2514 sta·

170 2577 310 2637 tiramus,
340 2569 445 2640 priore
473 2572 561 2624 certe
590 2587 626 2643 ep
655 2557 681 2623 δ”
704 2557 767 2644 ἐμῇ
789 2553 949 2642 προφάσει
974 2554 1030 2639 σὴν
1050 2556 1174 2624 ἐκείνου

171 2667 279 2752 φιλίαν
305 2680 395 2733 recte
422 2676 688 2749 interpretentu13
720 2676 928 2748 repetendum
957 2678 1039 2734 enim
1067 2677 1108 2735 ad
1136 2695 1174 2734 ea

97 2841 101 2852 ,
172 2804 215 2844 ex
237 2783 503 2861 praecedentibus
526 2795 575 2844 est
596 2789 727 2844 verbum
749 2773 981 2854 κολάσασξιαι,
1011 2802 1074 2858 quo
1095 2786 1174 2842 nihil

171 2898 276 2972 aptius
298 2895 365 2953 lieri
389 2910 494 2968 posse,
517 2894 614 2952 facile
637 2895 838 2968 intelligitur.
881 2891 960 2952 Nam
979 2893 1064 2967 qnod
1078 2912 1171 2968 prae-

173 3009 267 3083 cipue
290 3006 359 3078 agit
379 3002 616 3074 HermocrateS,
639 3010 675 3064 ut
695 3010 864 3079 suspectos
884 3005 984 3062 faciut
997 3001 1171 3064 Athenien-

172 3133 224 3176 ses
255 3113 767 3192 Camarinueis·Syracusanorum
799 3115 913 3189 sociis,
949 3114 981 3170 id
1013 3115 1056 3173 ita
1081 3113 1172 3184 facit,

172 3234 208 3287 ut
241 3243 303 3288 non
340 3229 403 3284 tam
443 3226 638 3286 inimicitiam
674 3224 944 3303 Syracusanorum
977 3225 1036 3282 sed
1072 3226 1173 3297 magis

173 3339 267 3398 etiam
291 3339 468 3394 ceterorum
491 3334 524 3393 in
547 3351 604 3393 eos
624 3333 805 3394 Siculorum
828 3334 996 3392 amicitiam
1018 3334 1122 3408 puniri
1139 3339 1173 3396 et

173 3447 319 3506 coerceri
351 3448 390 3501 alr
417 3441 666 3503 Atheniensibus
695 3445 900 3504 demonstret.
953 3441 1048 3502 Hanc
1074 3444 1173 3518 igitur

172 3557 421 3632 explicationem
450 3555 598 3627 equidem
628 3572 745 3614 censeo
772 3571 842 3613 esse
872 3559 907 3612 et
926 3554 1118 3613 verissimam
1138 3559 1173 3612 et

174 3668 392 3737 certissimam
427 3670 574 3741 superest
606 3670 641 3723 ut
673 3666 796 3740 reliqua
825 3667 922 3722 verba
951 3645 1172 3738 expediantur,

173 3777 257 3852 quod
279 3779 306 3836 si
329 3779 431 3836 rninus
451 3778 542 3832 reete
563 3777 724 3847 succedit,
747 3793 806 3834 non
830 3782 934 3833 tannen
956 3774 1032 3830 ideo
1055 3773 1096 3830 de
1117 3773 1174 3830 illa

173 3888 377 3946 dubitandum
400 3886 563 3944 existimo.
606 3883 652 3944 Et
673 3901 750 3944 sane
772 3884 919 3958 equidem
941 3902 1003 3944 non
1026 3884 1103 3943 satis
1120 3900 1171 3940 rc·

173 3997 265 4072 perio
291 3998 366 4069 quid
395 3997 506 4056 faciam
529 3996 592 4054 lus:
623 3977 679 4063 olle
700 3978 804 4068 ἧσσον
825 3983 1076 4072 βεβαιώσασθαι
1095 3979 1172 4069 βού-

173 4109 298 4174 λεσθαι.
342 4101 472 4166 Interim
500 4107 603 4167 donec
625 4103 706 4163 alius
728 4110 790 4164 erit
812 4105 957 4175 felicior,
992 4105 1039 4161 sic
1059 4106 1173 4165 statuo.

173 4217 354 4278 Pronomeu
375 4205 443 4304 οὕς,
464 4219 548 4294 quod
571 4236 590 4276 a
614 4215 761 4276 codicum
783 4235 914 4277 uunrero
935 4221 970 4274 et
984 4214 1176 4289 praestantia
