3012 4796
646 413 878 484 -116-

266 597 348 658 σθαι
369 581 414 664 νῷ
424 587 541 658 nuncin
558 577 731 649 ἀντίπαλόν
751 583 848 666 ε’σνιν,
872 591 907 648 ei
920 587 982 647 hoc
999 603 1104 650 rursus
1117 593 1263 666 propter·

144 736 147 746 ·
267 716 321 773 e'a3
351 699 434 774 quod
457 693 502 774 τῷ
522 698 638 767 παθεῖν
660 685 707 756 ὅτι
732 687 903 780 ε’γγννᾶτω
924 698 1036 759 κεῖναι.
1079 696 1159 760 Nam
1180 700 1265 760 illud

266 827 392 886 quoque
414 809 499 886 apud
513 807 737 885 Thucydidem
759 809 886 883 quidem
904 809 1039 882 aliquam
1060 809 1265 869 offensionem

265 921 373 994 habet,
395 919 478 994 qued
493 919 556 978 duc
570 918 738 993 participia
751 919 796 978 iia
809 921 876 994 pari
895 917 965 976 fere
978 918 1134 991 dignitate
1151 920 1265 996 juncta

206 1003 210 1011 Ι
265 1037 356 1101 sunt3
383 1047 453 1090 nam
475 1029 502 1087 si
528 1016 702 1086 ἀντίπαλον
722 1014 760 1086 dv
780 1029 863 1088 velis
884 1028 925 1085 de
952 1046 1038 1086 more
1062 1026 1266 1105 Thucydidis

267 1141 386 1199 actius
413 1140 607 1222 cunjungere
630 1155 701 1196 curn
723 1142 822 1197 verbe
843 1125 1083 1218 ἀναλαμβάνει,
1104 1138 1186 1197 illud
1207 1141 1267 1198 ob*

267 1253 341 1322 sut,
365 1248 450 1324 quod
472 1249 504 1306 iu
525 1246 696 1322 participio
718 1247 801 1306 idem
824 1247 882 1307 ille
904 1247 1029 1307 dativus
1049 1248 1188 1320 intelligi
1208 1248 1264 1307 de·
1341 1303 1346 1310 .

267 1363 340 1431 bet,
361 1359 414 1416 cui
436 1355 633 1432 praecedens
653 1359 856 1435 participium
878 1359 1083 1435 conjunctum
1104 1362 1171 1429 est,
1203 1376 1267 1433 quo

267 1471 320 1546 lli,
349 1474 385 1527 ut
410 1465 493 1541 qaod
522 1469 563 1524 ob
587 1467 725 1525 dativum
748 1466 946 1527 intellectum
972 1467 1012 1526 ad
1040 1467 1267 1544 praecedentia

266 1575 445 1646 referimus,
466 1575 550 1634 idern
572 1579 614 1634 oli
636 1592 726 1636 usum
740 1574 944 1655 Thucydidis
964 1577 1005 1636 ad
1027 1580 1192 1652 sequentia
1212 1596 1265 1637 re·

268 1685 433 1748 ferendum
456 1686 506 1747 sit.
539 1684 641 1754 Quam
664 1686 887 1748 difficultatem
911 1689 1020 1748 deleto
1042 1672 1079 1746 du
1100 1689 1267 1762 effugimus

222 1837 225 1846 ,
268 1803 304 1857 et
327 1795 419 1855 simul
446 1801 549 1870 aptam
577 1795 734 1856 efficimus
758 1801 968 1858 membrorum
997 1802 1202 1870 structuram,
1230 1802 1266 1858 ut

268 1893 466 1987 ἀμύνασβαι
491 1921 581 1965 suunt
609 1907 724 1967 lrabeat
750 1909 937 1968 attributum
965 1909 1105 1984 itemque
1131 1896 1266 1987 νιμωρία

217 2073 220 2084 ,
267 2035 358 2079 saum
380 2035 419 2078 ex
437 2016 495 2075 illo
517 2020 760 2078 consectarium.

570 2320 965 2358 *-
