3010 4812
610 381 821 471 -'21..

216 599 308 640 uento
339 581 438 654 possit
468 579 654 649 intelligere
685 582 797 652 postea
829 565 957 635 demum
989 593 1084 650 quum
1105 577 1221 638 relicta

216 691 300 750 Delo
322 705 445 748 cursum
471 691 697 755 continuasset,
719 688 820 744 visum
842 701 912 745 esse
935 683 1094 748 Alcidam.

302 799 368 858 Sed
393 798 605 856 concedamus
634 797 798 872 paulisper
820 803 854 854 et
876 797 963 855 circa
983 795 1109 856 Icarum
1131 795 1220 858 Alei-

216 912 286 970 dam
310 910 461 968 incidisse
484 909 514 965 iu
538 907 751 967 Athenienses
774 913 808 966 et
829 923 884 966 eos
904 913 1017 966 vectos
1038 922 1110 966 esse
1129 905 1219 967 Sala·

216 1025 311 1080 mima
341 1024 376 1076 et
398 1017 513 1076 Paralo
536 1019 683 1089 navihus3
706 1019 806 1086 multo
830 1018 977 1092 profecto
1000 1018 1086 1090 parius
1108 1018 1141 1076 hi
1162 1035 1218 1093 po·

214 1135 320 1214 terant
349 1129 518 1186 certiorem
551 1127 856 1195 facerePachetem
885 1129 925 1184 de
949 1126 1088 1186 adventu
1111 1127 1220 1187 classis

214 1240 519 1315 Peloponnesiacae,
541 1255 632 1311 quam
655 1240 736 1297 haec
760 1240 944 1312 perveniret
965 1235 1144 1298 Embatum.
1174 1238 1220 1297 At

217 1355 327 1408 contra
357 1347 413 1406 ille
445 1355 556 1422 postea
589 1349 781 1406 demum'ah
803 1347 996 1424 Erythraeis
1024 1352 1058 1405 et
1087 1351 1127 1408 ab
1149 1347 1220 1408 aliis

215 1461 353 1532 undique
378 1476 458 1545 eum
472 1459 620 1518 uuucimn
644 1461 789 1532 accepit,
822 1463 856 1516 et
877 1475 973 1530 quum
993 1457 1110 1515 deiude
1125 1475 1144 1516 e
1162 1475 1218 1515 ve-

213 1572 310 1645 stigio
344 1556 422 1643 (ὑπὸ
450 1561 610 1640 σπουδῆς)
637 1573 886 1642 persequeretur
913 1567 1078 1644 Alcidem,
1121 1567 1219 1639 longe

215 1680 387 1755 provectus
416 1695 515 1750 usque
543 1677 582 1735 ad
611 1675 755 1736 Patmum
783 1679 932 1746 insulam,
976 1678 1218 1752 deprehendere

213 1810 284 1849 eum
310 1809 371 1848 uou
396 1789 511 1864 potuit.
554 1785 628 1845 Hoc
651 1787 729 1846 fere*
743 1794 929 1860 argumento
952 1804 1026 1848 usus
1047 1790 1141 1848 etiam
1157 1786 1218 1848 Ar·

94 1895 97 1906 ’
214 1902 328 1959 uoldus
351 1904 410 1956 est.
442 1897 556 1971 Poppo
572 1900 675 1954 tamen
693 1914 751 1955 eur
767 1900 969 1957 nihilominus
987 1902 1105 1956 statuet
1119 1898 1219 1956 semel

214 2017 333 2068 tardum
370 2012 410 2064 ah
438 2007 688 2066 Atheniensibus
721 2018 925 2084 conspectum
956 2021 1027 2064 esse
1058 2004 1218 2078 Alcidam,

215 2105 359 2176 declarat
381 2120 449 2190 lpse
472 2117 520 2172 his
543 2117 661 2173 verbis:
693 2106 766 2187 τοὺς
795 2113 834 2177 ἐκ
857 2110 913 2192 τῆς
932 2104 1051 2184 πόλεως
1070 2106 1217 2190 ’mooe'-

214 2251 270 2297 ους
292 2247 353 2286 nou
377 2227 456 2282 alios
478 2241 560 2297 esse,
584 2243 676 2298 quiam
698 2244 764 2298 epe,
789 2233 842 2302 qui
864 2231 897 2286 iu
919 2227 1090 2286 Salaminia
1111 2225 1216 2286 etPa·

214 2341 282 2397 rulo
304 2342 405 2404 eraut,
429 2335 501 2393 iude
535 2335 733 2396 manifestum
755 2346 821 2410 est,
856 2338 941 2413 qnod
963 2338 1022 2393 hae
1048 2352 1144 2394 naves
1165 2337 1218 2394 hic

215 2451 299 2508 forte
324 2445 459 2506 Athenis
482 2447 646 2520 navigasse
670 2450 886 2547 perhibentur.
932 2447 1006 2516 Qua
1023 2447 1055 2504 iu
1074 2463 1110 2503 re
1124 2448 1219 2505 miror

214 2562 313 2616 uirum
344 2564 570 2631 praestantem,
600 2558 794 2630 quodquam
817 2560 949 2617 mirilico
971 2561 1115 2616 vertatur
1136 2573 1219 2632 gyro

214 2689 274 2728 nou
298 2668 540 2737 aniruadvertit3
561 2669 657 2725 smnit
670 2669 752 2726 enim
769 2688 825 2756 pro
839 2671 1051 2730 demonstrato
1065 2666 1099 2722 id
1115 2667 1218 2752 ipsum
1235 2665 1238 2676 '

214 2779 299 2854 ‹puod
323 2778 705 2838 demonstrare'volehat.
750 2777 835 2846 Quid
858 2779 960 2839 enimi
982 2797 1021 2838 an
1045 2777 1130 2834 sorte
1146 2794 1217 2851 cap.

215 2887 266 2948 29.
301 2905 400 2963 prope
430 2885 545 2945 Delum
580 2890 745 2960 navigasse
778 2885 977 2949 Salaminiam
1008 2901 1042 2954 et
1070 2893 1218 2954 Paralum

216 2996 427 3074 Thucydides
443 2996 609 3069 perhibeat
632 2999 758 3056 minime
780 3016 868 3071 vero,
891 3001 946 3058 sed
958 3003 1075 3062 deiude
1088 3021 1155 3078 cap.
1165 3000 1217 3063 33.

214 3127 313 3185 prope
338 3105 481 3175 Clarum3
505 3105 537 3162 id
561 3111 664 3165 autern
688 3109 773 3166 idem
791 3127 863 3168 esse
881 3119 977 3185 etque
994 3114 1076 3171 illud
1098 3131 1218 3190 prope

126 3219 129 3229 '
216 3218 371 3284 Delum,
404 3227 536 3288 eamque
564 3220 606 3274 oh
629 3233 753 3276 causam
778 3238 835 3294 pru
859 3219 954 3280 Claro
975 3221 1100 3282 Icarum
1122 3219 1219 3282 serini

215 3330 351 3397 dehere,
382 3331 415 3383 et
443 3315 516 3394 reale
536 3320 575 3384 ἐκ
596 3321 650 3400 τῆς
670 3316 788 3398 πόλεως
811 3333 1038 3404 intelligendos
1060 3347 1130 3390 esse
1152 3349 1219 3403 θος,

214 3441 268 3512 urii
304 3438 423 3494 fuerint
456 3437 485 3494 in
514 3436 684 3496 Salaminia
717 3446 750 3499 et
772 3439 902 3518 Pacato,
941 3443 1003 3500 hoc
1030 3442 1110 3502 illud
1139 3448 1218 3518 erat,

215 3549 299 3624 quod
323 3547 530 3604 deuroustrari
555 3549 694 3608 debehat
715 3552 909 3622 argumentis
930 3531 1014 3612 aliis.

299 3654 471 3728 Reliquum
496 3664 556 3728 est,
580 3666 615 3719 ut
637 3661 706 3733 ipse
730 3660 833 3719 dicam
855 3677 934 3734 quos
955 3663 1136 3720 existimem
1148 3679 1218 3720 esse

213 3771 286 3827 illos
307 3763 346 3826 ἐκ
368 3760 423 3840 τῆς
444 3753 562 3835 πόλεως
584 3767 812 3841 Athenienses;
834 3772 917 3844 quood
933 3789 1116 3846 quemquam
1129 3778 1220 3830 certo

215 3874 279 3930 dici
303 3894 364 3934 uon
389 3881 512 3950 potest,
549 3879 625 3936 nihil
648 3885 752 3940 tamen
774 3881 923 3956 impedit,
960 3902 1022 3958 quo
1045 3886 1145 3943 miuus
1166 3889 1221 3942 ani

216 3981 430 4046 Athenienses
459 3987 674 4060 intelligamus
697 4005 769 4062 eos,
803 3995 854 4064 qui
880 3990 966 4050 forte
990 3999 1055 4052 tum
1076 4001 1166 4054 eraut
1188 3997 1221 4054 iu

217 4092 316 4167 Delo,
346 4114 441 4171 quum
463 4098 649 4174 appellehat
670 4098 820 4171 Aloidas,
850 4101 918 4159 sive
941 4104 1062 4178 publici
1086 4105 1222 4182 alicujus
1331 4159 1333 4169 .

215 4205 284 4261 sive
307 4209 402 4266 etiam
425 4207 541 4282 privati
563 4211 687 4284 negotii
712 4226 815 4282 causa,
840 4217 894 4270 aut
908 4214 1085 4288 cogitemus
1102 4215 1142 4275 de
1157 4215 1221 4274 illis
