3010 4812
713 403 925 470 „33-

323 585 439 642 habere
457 584 597 656 poteram
612 583 797 638 observasse
818 579 925 654 legem
948 578 1044 650 illam,
1066 595 1157 652 quam
1181 580 1266 650 dixi,
1290 581 1322 639 ln

322 694 499 769 participiis
523 690 709 765 usurpandis
733 694 928 765 perpetuam,
951 693 1054 750 tamen
1076 689 1146 766 ejus
1167 690 1250 764 legis
1271 707 1321 748 ra·

322 807 440 862 tionem
462 802 613 873 indagare
635 789 755 869 studui,
778 800 819 857 de
843 814 904 872 qua
924 801 1109 859 sichaireto.
1142 797 1322 859 Verborum
1436 809 1442 825 ·

320 915 409 973 notio
432 913 555 970 duobus
578 909 677 968 modis
701 915 808 984 potest
823 910 1011 968 substantivi
1029 912 1162 970 nominis
1179 913 1322 997 speciem

321 1025 472 1094 induere3
495 1039 564 1079 eam
586 1022 670 1078 enim
691 1022 755 1078 vim
777 1021 895 1079 habent
915 1025 949 1079 et
969 1020 1116 1079 infinitivi
1130 1026 1164 1078 et
1179 1023 1322 1080 solistan-

321 1136 388 1193 tiva
414 1131 561 1190 verbalia.
614 1126 755 1188 Accedit
781 1128 822 1186 ud
851 1129 932 1187 haec
959 1130 1087 1190 tertium
1115 1131 1195 1190 illud
1222 1149 1323 1205 genus

322 1243 578 1320 participiorum,
596 1238 695 1311 *quod
724 1238 821 1310 longe
848 1239 968 1296 rariore
992 1255 1049 1297 uso
1073 1247 1202 1300 estnec
1226 1243 1323 1316 perti-

321 1364 377 1414 net
398 1353 438 1410 ad
467 1349 582 1407 multos
604 1349 776 1422 scriptores
799 1355 933 1423 praeter
952 1339 1188 1424 Thucydidem.
1231 1347 1323 1411 Haec

322 1465 384 1523 tria
403 1461 503 1534 igitur
523 1457 681 1531 quomodo
695 1459 781 1516 inter
800 1473 834 1518 se
853 1458 1008 1528 differant,
1031 1460 1245 1531 quaerendum
1263 1467 1323 1520 cst.

322 1573 428 1645 Atque
456 1568 599 1628 verbalia
622 1567 753 1643 quidem
784 1570 978 1629 substantiva
1008 1569 1089 1627 hanc
1110 1570 1172 1628 vlnr
1195 1571 1323 1642 latrent,

321 1688 357 1740 ut
389 1683 488 1756 ipsam
518 1679 655 1755 alicuj-us
682 1679 819 1738 actionis
849 1681 1008 1738 notionem
1036 1679 1193 1749 indicent3
1234 1683 1323 1770 notio

321 1799 426 1852 atatem
448 1789 584 1850 actionis
611 1807 671 1848 non
701 1795 750 1847 est
772 1791 850 1861 hoe,
884 1790 967 1864 quod
992 1791 1098 1863 agitur
1119 1789 1264 1863 aliquid3'
1290 1793 1323 1850 in

321 1901 445 1976 agendo
473 1901 556 1957 enim
583 1899 681 1974 aliqui
709 1904 812 1957 motus
844 1901 928 1958 inest
948 1903 1002 1974 (μή
1025 1899 1153 1958 formam
1176 1915 1262 1959 suem
1285 1904 1321 1960 tl·

318 2028 453 2086 nemque
481 2011 513 2068 in
541 2014 685 2084 tempore
706 2009 819 2080 liabet3
857 2017 966 2070 eontra
989 2012 1077 2070 notio
1100 2011 1235 2071 actionis
1257 2018 1321 2070 sta·

320 2125 385 2182 bile
408 2121 528 2194 aliquid
554 2122 709 2178 aelirum
732 2125 863 2178 estnon
886 2120 1237 2196 temporeadstrietum
1260 2139 1320 2180 neo

290 2215 294 2222 ⁸
320 2237 378 2293 sub
405 2231 516 2293 oculos
544 2229 661 2288 cadens
687 2229 745 2287 sed
773 2229 841 2287 sola
865 2232 981 2288 mentis
1004 2232 1179 2289 intentione
1201 2248 1319 2291 conce·

319 2349 407 2421 ptum
438 2360 475 2398 ao
502 2340 734 2414 sempiternum.
784 2337 962 2398 infinitivus
994 2355 1072 2400 vero
1103 2341 1203 2414 ipsum
1231 2341 1319 2399 illum

319 2451 435 2526 agendi
462 2454 578 2508 motum
605 2448 742 2519 indicat,
774 2452 809 2508 ut
831 2450 883 2522 agi
904 2449 1024 2524 aliquid
1048 2450 1154 2523 aliquo
1176 2458 1321 2525 tempore

318 2560 535 2631 intelligotnr3
558 2558 642 2630 qood
665 2574 848 2632 quamquam
871 2560 991 2617 inlinite
1013 2560 1226 2632 significatur,
1257 2577 1319 2618 non

318 2681 423 2731 tamen
454 2667 539 2726 nuda
565 2683 603 2724 ae
632 2667 732 2727 libera
759 2671 895 2728 actionis
922 2673 1011 2728 notio
1038 2671 1103 2740 est,
1136 2670 1195 2728 sed
1222 2671 1319 2740 actio,

318 2798 399 2854 quae
421 2778 528 2853 aliquo
550 2782 692 2852 tempore
715 2779 778 2836 ilat.
823 2777 969 2852 Denique
988 2779 1186 2854 participium
1205 2783 1319 2838 neutro

318 2907 437 2962 genere
460 2889 594 2964 positum
617 2907 657 2946 eo
681 2889 785 2964 modo,
808 2903 901 2962 quem
923 2906 1005 2947 nunc
1019 2895 1201 2958 tractamus,
1222 2890 1319 2950 habet
1426 2961 1432 2972 Ι

318 3001 444 3058 tertiam
472 2997 608 3070 aliquam
636 3015 678 3056 ex
706 2997 830 3057 illarum
859 3005 991 3073 utraque
1019 2999 1145 3058 mixtam
1169 3018 1207 3057 ao
1231 3001 1318 3073 qrrasi

321 3107 480 3166 confusam
514 3108 785 3178 significationem.
836 3105 902 3168 Sed
929 3111 1111 3182 superiores
1140 3107 1212 3167 illas
1241 3111 1343 3176 duas,

316 3217 565 3290 significationes
591 3219 853 3277 substantivorum
883 3218 1057 3279 verbalium
1086 3224 1120 3276 et
1149 3219 1319 3290 infinitivo·

318 3345 385 3386 rum
414 3326 510 3385 facile
538 3329 607 3401 quis
634 3327 832 3390 intellexerit
855 3331 938 3387 adeo
967 3330 1107 3388 diversas
1134 3336 1229 3402 atque
1252 3329 1317 3386 dis·
1424 3353 1431 3366 =

317 3451 411 3512 pares
438 3451 526 3513 esse,
558 3446 594 3498 ut
616 3453 668 3496 eos
696 3440 728 3496 in
752 3455 842 3496 onam
864 3440 951 3496 coire
975 3455 1066 3513 posse
1088 3443 1201 3512 neget3
1232 3439 1318 3511 quod

318 3548 400 3604 enim
423 3547 454 3604 in
476 3547 610 3606 hominis
625 3549 752 3607 notione
769 3552 829 3618 est,
851 3567 912 3609 non
933 3554 1038 3623 potest
1056 3548 1139 3605 idem
1155 3548 1187 3605 ln
1202 3549 1316 3620 agendi

319 3659 404 3714 moto
427 3657 548 3725 versari
570 3658 625 3716 sed
649 3664 699 3718 cst
722 3664 909 3734 perpetuum
926 3667 1021 3732 atque
1038 3662 1210 3716 aeternum.
1249 3649 1316 3718 Sed

317 3774 420 3825 tamen
451 3772 616 3839 utromque
649 3769 694 3826 ita
722 3770 887 3848 conciliari
920 3771 1005 3828 inter
1033 3784 1067 3827 ae
1097 3784 1135 3823 ac
1165 3767 1315 3842 conjungi

318 3880 440 3951 potest,
472 3880 507 3932 ut
528 3876 640 3935 eodem
663 3881 723 3936 tine
740 3888 774 3940 et
794 3882 964 3938 aeternitas
979 3878 1114 3938 notionis
1135 3884 1317 3938 coarctetur

318 3990 353 4044 et
374 3984 492 4059 agendi
513 3988 634 4045 subitus
657 3992 758 4047 motos
780 3991 971 4050 extendatur
990 3995 1025 4049 et
1041 3987 1128 4061 quasi
1149 3989 1315 4062 consistat3

317 4095 352 4151 id
375 4096 457 4153 enim
479 4095 513 4153 iit
535 4097 661 4170 quando
682 4101 768 4158 actio
790 4101 896 4176 aliqua
919 4100 999 4158 certi
1021 4098 1155 4157 laminis
1171 4099 1224 4158 vel
1244 4117 1315 4158 cer·

317 4209 371 4263 tae
393 4206 440 4262 rei
463 4209 589 4282 propria
610 4224 682 4268 esse
704 4210 839 4282 dicitur3
861 4211 907 4271 ita
929 4211 1010 4270 enim
1033 4209 1125 4269 sinml
1147 4214 1182 4269 et
1195 4211 1313 4286 aliquid
