<?xml version="1.0" encoding="UTF-8"?>
<!DOCTYPE html PUBLIC "-//W3C//DTD XHTML 1.0 Transitional//EN"
    "http://www.w3.org/TR/xhtml1/DTD/xhtml1-transitional.dtd">
<html xmlns="http://www.w3.org/1999/xhtml" xml:lang="en" lang="en">
 <head>
  <title>
</title>
<meta http-equiv="Content-Type" content="text/html;charset=utf-8" />
  <meta name='ocr-system' content='tesseract 3.04.00' />
  <meta name='ocr-capabilities' content='ocr_page ocr_carea ocr_par ocr_line ocrx_word'/>
</head>
<body>
  <div class='ocr_page' id='page_1' title='image "./frhaasiilucubra00haasgoog_0054.png"; bbox 0 0 3010 4812; ppageno 0'>
   <div class='ocr_carea' id='block_1_1' title="bbox 602 381 903 476">
    <p class='ocr_par' dir='ltr' id='par_1_1' title="bbox 602 381 903 476">
     <span class='ocr_line' id='line_1_1' title="bbox 602 381 903 476; baseline 0.003 0"><span class='ocrx_word' id='word_1_1' title='bbox 602 381 903 476; x_wconf 81' lang='lat'>-39—&#39;</span> 
     </span>
    </p>
   </div>
   <div class='ocr_carea' id='block_1_2' title="bbox 205 583 1206 1209">
    <p class='ocr_par' dir='ltr' id='par_1_2' title="bbox 205 583 1206 1209">
     <span class='ocr_line' id='line_1_2' title="bbox 207 583 1206 664; baseline 0.007 -22"><span class='ocrx_word' id='word_1_2' title='bbox 207 599 336 642; x_wconf 82' lang='lat' dir='ltr'><strong>revere</strong></span> <span class='ocrx_word' id='word_1_3' title='bbox 363 583 432 642; x_wconf 86' lang='lat' dir='ltr'><strong>ticri</strong></span> <span class='ocrx_word' id='word_1_4' title='bbox 456 583 664 656; x_wconf 79' lang='lat' dir='ltr'><strong>iuteiiigitur,</strong></span> <span class='ocrx_word' id='word_1_5' title='bbox 696 587 730 642; x_wconf 88' lang='lat' dir='ltr'><strong>et</strong></span> <span class='ocrx_word' id='word_1_6' title='bbox 753 583 822 659; x_wconf 70' lang='lat' dir='ltr'><strong>ejus</strong></span> <span class='ocrx_word' id='word_1_7' title='bbox 847 587 950 644; x_wconf 81' lang='lat' dir='ltr'><strong>temen</strong></span> <span class='ocrx_word' id='word_1_8' title='bbox 972 587 1060 645; x_wconf 83' lang='lat' dir='ltr'><strong>notio</strong></span> <span class='ocrx_word' id='word_1_9' title='bbox 1079 605 1206 664; x_wconf 76' lang='lat' dir='ltr'><strong>quoque</strong></span> 
     </span>
     <span class='ocr_line' id='line_1_3' title="bbox 208 694 1205 768; baseline 0.006 -16"><span class='ocrx_word' id='word_1_10' title='bbox 208 695 335 768; x_wconf 77' lang='lat' dir='ltr'>concipi</span> <span class='ocrx_word' id='word_1_11' title='bbox 357 698 474 768; x_wconf 89' lang='lat' dir='ltr'><strong>potest,</strong></span> <span class='ocrx_word' id='word_1_12' title='bbox 497 695 571 766; x_wconf 81' lang='lat' dir='ltr'><strong>quie</strong></span> <span class='ocrx_word' id='word_1_13' title='bbox 593 711 654 752; x_wconf 90' lang='lat' dir='ltr'><strong>uou</strong></span> <span class='ocrx_word' id='word_1_14' title='bbox 677 697 821 768; x_wconf 86' lang='lat' dir='ltr'><strong>tempore</strong></span> <span class='ocrx_word' id='word_1_15' title='bbox 845 694 1053 768; x_wconf 69' lang='lat' dir='ltr'><strong>adstringitur</strong></span> <span class='ocrx_word' id='word_1_16' title='bbox 1074 699 1131 756; x_wconf 89' lang='lat' dir='ltr'><strong>sed</strong></span> <span class='ocrx_word' id='word_1_17' title='bbox 1152 702 1205 758; x_wconf 83' lang='lat' dir='ltr'><strong>vei</strong></span> 
     </span>
     <span class='ocr_line' id='line_1_4' title="bbox 207 801 1204 891; baseline 0.007 -31"><span class='ocrx_word' id='word_1_18' title='bbox 207 805 332 862; x_wconf 83' lang='lat' dir='ltr'><strong>homine</strong></span> <span class='ocrx_word' id='word_1_19' title='bbox 355 806 409 862; x_wconf 86' lang='lat' dir='ltr'><strong>vei</strong></span> <span class='ocrx_word' id='word_1_20' title='bbox 431 821 485 876; x_wconf 90' lang='lat' dir='ltr'><strong>re,</strong></span> <span class='ocrx_word' id='word_1_21' title='bbox 517 815 536 862; x_wconf 82' lang='lat' dir='ltr'>a</span> <span class='ocrx_word' id='word_1_22' title='bbox 558 821 621 877; x_wconf 85' lang='lat' dir='ltr'><strong>quo</strong></span> <span class='ocrx_word' id='word_1_23' title='bbox 641 805 675 860; x_wconf 89' lang='lat' dir='ltr'><strong>id</strong></span> <span class='ocrx_word' id='word_1_24' title='bbox 697 804 762 862; x_wconf 80' lang='lat' dir='ltr'><strong>fiat.</strong></span> <span class='ocrx_word' id='word_1_25' title='bbox 806 801 895 863; x_wconf 84' lang='lat' dir='ltr'><strong>locst</strong></span> <span class='ocrx_word' id='word_1_26' title='bbox 916 805 1014 879; x_wconf 73' lang='lat' dir='ltr'><strong>igitur</strong></span> <span class='ocrx_word' id='word_1_27' title='bbox 1036 809 1204 891; x_wconf 84' lang='lat' dir='ltr'><strong>participio</strong></span> 
     </span>
     <span class='ocr_line' id='line_1_5' title="bbox 205 912 1203 990; baseline 0.006 -20"><span class='ocrx_word' id='word_1_28' title='bbox 205 914 294 973; x_wconf 79' lang='lat' dir='ltr'><strong>notio</strong></span> <span class='ocrx_word' id='word_1_29' title='bbox 321 915 472 983; x_wconf 76' lang='lat' dir='ltr'><strong>actionis,</strong></span> <span class='ocrx_word' id='word_1_30' title='bbox 505 931 586 987; x_wconf 75' lang='lat' dir='ltr'><strong>quse</strong></span> <span class='ocrx_word' id='word_1_31' title='bbox 611 912 663 970; x_wconf 85' lang='lat' dir='ltr'><strong>vol</strong></span> <span class='ocrx_word' id='word_1_32' title='bbox 678 913 823 972; x_wconf 63' lang='lat' dir='ltr'><strong>dominis</strong></span> <span class='ocrx_word' id='word_1_33' title='bbox 849 917 976 990; x_wconf 85' lang='lat' dir='ltr'><strong>propria</strong></span> <span class='ocrx_word' id='word_1_34' title='bbox 1002 917 1118 976; x_wconf 72' lang='lat' dir='ltr'><strong>situel</strong></span> <span class='ocrx_word' id='word_1_35' title='bbox 1144 922 1203 990; x_wconf 84' lang='lat' dir='ltr'><strong>rei,</strong></span> 
     </span>
     <span class='ocr_line' id='line_1_6' title="bbox 207 1023 1203 1102; baseline 0.005 -21"><span class='ocrx_word' id='word_1_36' title='bbox 207 1029 240 1081; x_wconf 88' lang='lat' dir='ltr'><strong>ct</strong></span> <span class='ocrx_word' id='word_1_37' title='bbox 274 1042 354 1098; x_wconf 82' lang='lat' dir='ltr'><strong>quoe</strong></span> <span class='ocrx_word' id='word_1_38' title='bbox 380 1026 436 1083; x_wconf 81' lang='lat' dir='ltr'><strong>det</strong></span> <span class='ocrx_word' id='word_1_39' title='bbox 462 1040 498 1082; x_wconf 89' lang='lat' dir='ltr'><strong>re</strong></span> <span class='ocrx_word' id='word_1_40' title='bbox 521 1041 615 1095; x_wconf 84' lang='grc' dir='ltr'><em>νοτο,</em></span> <span class='ocrx_word' id='word_1_41' title='bbox 648 1040 710 1082; x_wconf 89' lang='lat' dir='ltr'><strong>uon</strong></span> <span class='ocrx_word' id='word_1_42' title='bbox 733 1023 860 1097; x_wconf 86' lang='lat' dir='ltr'><strong>quidem</strong></span> <span class='ocrx_word' id='word_1_43' title='bbox 883 1032 973 1086; x_wconf 84' lang='lat' dir='ltr'><strong>certo</strong></span> <span class='ocrx_word' id='word_1_44' title='bbox 994 1024 1101 1102; x_wconf 79' lang='lat' dir='ltr'><strong>edique</strong></span> <span class='ocrx_word' id='word_1_45' title='bbox 1122 1035 1203 1089; x_wconf 90' lang='lat' dir='ltr'><strong>tem·</strong></span> 
     </span>
     <span class='ocr_line' id='line_1_7' title="bbox 206 1131 1203 1209; baseline 0.007 -19"><span class='ocrx_word' id='word_1_46' title='bbox 206 1150 299 1208; x_wconf 91' lang='lat' dir='ltr'><strong>pore,</strong></span> <span class='ocrx_word' id='word_1_47' title='bbox 331 1131 389 1191; x_wconf 87' lang='lat' dir='ltr'><strong>scd</strong></span> <span class='ocrx_word' id='word_1_48' title='bbox 417 1151 606 1209; x_wconf 87' lang='lat' dir='ltr'><strong>quocunque</strong></span> <span class='ocrx_word' id='word_1_49' title='bbox 632 1139 775 1209; x_wconf 87' lang='lat' dir='ltr'><strong>tempore</strong></span> <span class='ocrx_word' id='word_1_50' title='bbox 798 1136 824 1193; x_wconf 89' lang='lat' dir='ltr'><strong>is</strong></span> <span class='ocrx_word' id='word_1_51' title='bbox 845 1135 940 1192; x_wconf 84' lang='lat' dir='ltr'><strong>humo</strong></span> <span class='ocrx_word' id='word_1_52' title='bbox 963 1136 1015 1194; x_wconf 87' lang='lat' dir='ltr'><strong>vei</strong></span> <span class='ocrx_word' id='word_1_53' title='bbox 1037 1155 1075 1194; x_wconf 84' lang='lat' dir='ltr'><strong>eu</strong></span> <span class='ocrx_word' id='word_1_54' title='bbox 1093 1155 1148 1197; x_wconf 85' lang='lat' dir='ltr'><strong>res</strong></span> <span class='ocrx_word' id='word_1_55' title='bbox 1169 1141 1203 1197; x_wconf 90' lang='lat' dir='ltr'><strong>id</strong></span> 
     </span>
    </p>
   </div>
   <div class='ocr_carea' id='block_1_3' title="bbox 204 1242 1311 1322">
    <p class='ocr_par' dir='ltr' id='par_1_3' title="bbox 204 1242 1311 1322">
     <span class='ocr_line' id='line_1_8' title="bbox 204 1242 1311 1322; baseline 0.006 -20"><span class='ocrx_word' id='word_1_56' title='bbox 204 1244 288 1318; x_wconf 88' lang='lat' dir='ltr'><strong>quod</strong></span> <span class='ocrx_word' id='word_1_57' title='bbox 306 1245 412 1316; x_wconf 79' lang='lat' dir='ltr'><strong>egitur</strong></span> <span class='ocrx_word' id='word_1_58' title='bbox 438 1261 535 1316; x_wconf 77' lang='lat' dir='ltr'><strong>egere</strong></span> <span class='ocrx_word' id='word_1_59' title='bbox 563 1250 680 1319; x_wconf 87' lang='lat' dir='ltr'><strong>potest.</strong></span> <span class='ocrx_word' id='word_1_60' title='bbox 724 1242 818 1313; x_wconf 75' lang='lat' dir='ltr'><strong>Quae</strong></span> <span class='ocrx_word' id='word_1_61' title='bbox 840 1261 934 1318; x_wconf 84' lang='lat' dir='ltr'><strong>quum</strong></span> <span class='ocrx_word' id='word_1_62' title='bbox 955 1248 1001 1306; x_wconf 87' lang='lat' dir='ltr'><strong>ita</strong></span> <span class='ocrx_word' id='word_1_63' title='bbox 1022 1247 1102 1318; x_wconf 87' lang='lat' dir='ltr'><strong>sint,</strong></span> <span class='ocrx_word' id='word_1_64' title='bbox 1136 1254 1202 1309; x_wconf 89' lang='lat' dir='ltr'><strong>tres</strong></span> <span class='ocrx_word' id='word_1_65' title='bbox 1308 1305 1311 1322; x_wconf 70' lang='grc'><em>,</em></span> 
     </span>
    </p>
   </div>
   <div class='ocr_carea' id='block_1_4' title="bbox 139 1353 1262 3080">
    <p class='ocr_par' dir='ltr' id='par_1_4' title="bbox 139 1353 1262 2963">
     <span class='ocr_line' id='line_1_9' title="bbox 204 1353 1200 1440; baseline 0.007 -30"><span class='ocrx_word' id='word_1_66' title='bbox 204 1353 432 1440; x_wconf 87' lang='lat' dir='ltr'><strong>quodammodo</strong></span> <span class='ocrx_word' id='word_1_67' title='bbox 455 1354 573 1426; x_wconf 62' lang='lat' dir='ltr'><strong>medus</strong></span> <span class='ocrx_word' id='word_1_68' title='bbox 588 1363 677 1426; x_wconf 82' lang='lat' dir='ltr'><strong>suut,</strong></span> <span class='ocrx_word' id='word_1_69' title='bbox 700 1359 814 1428; x_wconf 80' lang='lat' dir='ltr'><strong>quibus</strong></span> <span class='ocrx_word' id='word_1_70' title='bbox 832 1357 921 1412; x_wconf 83' lang='lat' dir='ltr'><strong>verbi</strong></span> <span class='ocrx_word' id='word_1_71' title='bbox 939 1360 1049 1415; x_wconf 87' lang='lat' dir='ltr'><strong>uatoru</strong></span> <span class='ocrx_word' id='word_1_72' title='bbox 1069 1357 1110 1415; x_wconf 86' lang='lat' dir='ltr'><strong>ud</strong></span> <span class='ocrx_word' id='word_1_73' title='bbox 1128 1361 1200 1417; x_wconf 76' lang='lat' dir='ltr'><strong>sutr-</strong></span> 
     </span>
     <span class='ocr_line' id='line_1_10' title="bbox 202 1462 1202 1526; baseline 0.005 -5"><span class='ocrx_word' id='word_1_74' title='bbox 202 1465 329 1522; x_wconf 82' lang='lat' dir='ltr'><strong>stentivi</strong></span> <span class='ocrx_word' id='word_1_75' title='bbox 360 1471 502 1524; x_wconf 79' lang='lat' dir='ltr'><strong>naturum</strong></span> <span class='ocrx_word' id='word_1_76' title='bbox 529 1465 707 1525; x_wconf 83' lang='lat' dir='ltr'><strong>adscendit.</strong></span> <span class='ocrx_word' id='word_1_77' title='bbox 749 1462 889 1523; x_wconf 89' lang='lat' dir='ltr'><strong>Primum</strong></span> <span class='ocrx_word' id='word_1_78' title='bbox 919 1468 1002 1524; x_wconf 87' lang='lat' dir='ltr'><strong>euim</strong></span> <span class='ocrx_word' id='word_1_79' title='bbox 1029 1467 1202 1526; x_wconf 73' lang='lat' dir='ltr'><strong>infinitivus</strong></span> 
     </span>
     <span class='ocr_line' id='line_1_11' title="bbox 203 1575 1199 1652; baseline 0.006 -22"><span class='ocrx_word' id='word_1_80' title='bbox 203 1577 309 1647; x_wconf 89' lang='lat' dir='ltr'><strong>potest</strong></span> <span class='ocrx_word' id='word_1_81' title='bbox 325 1575 386 1633; x_wconf 79' lang='lat' dir='ltr'><strong>ilie</strong></span> <span class='ocrx_word' id='word_1_82' title='bbox 409 1575 537 1652; x_wconf 89' lang='lat' dir='ltr'><strong>quidem</strong></span> <span class='ocrx_word' id='word_1_83' title='bbox 560 1577 695 1634; x_wconf 85' lang='lat' dir='ltr'><strong>nominis</strong></span> <span class='ocrx_word' id='word_1_84' title='bbox 713 1575 787 1632; x_wconf 85' lang='lat' dir='ltr'><strong>loco</strong></span> <span class='ocrx_word' id='word_1_85' title='bbox 808 1575 885 1648; x_wconf 85' lang='lat' dir='ltr'><strong>poni</strong></span> <span class='ocrx_word' id='word_1_86' title='bbox 907 1575 1018 1635; x_wconf 88' lang='lat' dir='ltr'><strong>addito</strong></span> <span class='ocrx_word' id='word_1_87' title='bbox 1038 1579 1132 1638; x_wconf 80' lang='lat' dir='ltr'><strong>etiem</strong></span> <span class='ocrx_word' id='word_1_88' title='bbox 1151 1595 1199 1636; x_wconf 89' lang='lat' dir='ltr'><strong>ur·</strong></span> 
     </span>
     <span class='ocr_line' id='line_1_12' title="bbox 203 1667 1201 1758; baseline 0.006 -18"><span class='ocrx_word' id='word_1_89' title='bbox 203 1683 320 1753; x_wconf 88' lang='lat' dir='ltr'><strong>ticoio,</strong></span> <span class='ocrx_word' id='word_1_90' title='bbox 348 1703 459 1758; x_wconf 78' lang='lat' dir='ltr'><strong>meque</strong></span> <span class='ocrx_word' id='word_1_91' title='bbox 491 1687 519 1744; x_wconf 90' lang='lat' dir='ltr'><strong>is</strong></span> <span class='ocrx_word' id='word_1_92' title='bbox 548 1667 654 1745; x_wconf 83' lang='lat' dir='ltr'><strong>tumen</strong></span> <span class='ocrx_word' id='word_1_93' title='bbox 683 1689 840 1757; x_wconf 80' lang='lat' dir='ltr'><strong>tamquam</strong></span> <span class='ocrx_word' id='word_1_94' title='bbox 869 1703 983 1744; x_wconf 87' lang='lat' dir='ltr'><strong>nomeu</strong></span> <span class='ocrx_word' id='word_1_95' title='bbox 1011 1702 1121 1745; x_wconf 88' lang='lat' dir='ltr'><strong>verum</strong></span> <span class='ocrx_word' id='word_1_96' title='bbox 1147 1689 1201 1746; x_wconf 88' lang='lat' dir='ltr'><strong>vel</strong></span> 
     </span>
     <span class='ocr_line' id='line_1_13' title="bbox 200 1793 1201 1869; baseline 0.005 -20"><span class='ocrx_word' id='word_1_97' title='bbox 200 1793 364 1868; x_wconf 77' lang='lat' dir='ltr'><strong>adjectivo</strong></span> <span class='ocrx_word' id='word_1_98' title='bbox 391 1799 499 1869; x_wconf 89' lang='lat' dir='ltr'><strong>potest</strong></span> <span class='ocrx_word' id='word_1_99' title='bbox 527 1795 707 1854; x_wconf 76' lang='lat' dir='ltr'><strong>accuratius</strong></span> <span class='ocrx_word' id='word_1_100' title='bbox 729 1794 854 1852; x_wconf 84' lang='lat' dir='ltr'><strong>definiri</strong></span> <span class='ocrx_word' id='word_1_101' title='bbox 876 1795 930 1854; x_wconf 89' lang='lat' dir='ltr'><strong>vel</strong></span> <span class='ocrx_word' id='word_1_102' title='bbox 952 1797 1111 1867; x_wconf 81' lang='lat' dir='ltr'><strong>genitivo,</strong></span> <span class='ocrx_word' id='word_1_103' title='bbox 1142 1797 1201 1856; x_wconf 89' lang='lat' dir='ltr'><strong>sed</strong></span> 
     </span>
     <span class='ocr_line' id='line_1_14' title="bbox 200 1904 1262 1977; baseline 0.004 -15"><span class='ocrx_word' id='word_1_104' title='bbox 200 1904 336 1977; x_wconf 74' lang='lat' dir='ltr'><strong>quruiites</strong></span> <span class='ocrx_word' id='word_1_105' title='bbox 368 1907 504 1964; x_wconf 87' lang='lat' dir='ltr'><strong>uetiouis</strong></span> <span class='ocrx_word' id='word_1_106' title='bbox 536 1905 704 1975; x_wconf 78' lang='lat' dir='ltr'><strong>adverbio,</strong></span> <span class='ocrx_word' id='word_1_107' title='bbox 739 1913 852 1963; x_wconf 77' lang='lat' dir='ltr'><strong>auctor</strong></span> <span class='ocrx_word' id='word_1_108' title='bbox 884 1915 989 1964; x_wconf 87' lang='lat' dir='ltr'><strong>autem</strong></span> <span class='ocrx_word' id='word_1_109' title='bbox 1017 1911 1200 1966; x_wconf 83' lang='lat' dir='ltr'><strong>accusativo</strong></span> <span class='ocrx_word' id='word_1_110' title='bbox 1260 1935 1262 1950; x_wconf 52' lang='grc' dir='ltr'>ι</span> 
     </span>
     <span class='ocr_line' id='line_1_15' title="bbox 139 2014 1198 2090; baseline 0.004 -18"><span class='ocrx_word' id='word_1_111' title='bbox 139 2059 144 2072; x_wconf 90' lang='grc'>.</span> <span class='ocrx_word' id='word_1_112' title='bbox 198 2014 368 2077; x_wconf 82' lang='lat' dir='ltr'><strong>indicetur.</strong></span> <span class='ocrx_word' id='word_1_113' title='bbox 413 2015 576 2090; x_wconf 76' lang='lat' dir='ltr'><strong>Deinceps</strong></span> <span class='ocrx_word' id='word_1_114' title='bbox 595 2015 795 2090; x_wconf 76' lang='lat' dir='ltr'><strong>participium</strong></span> <span class='ocrx_word' id='word_1_115' title='bbox 819 2017 964 2086; x_wconf 87' lang='lat' dir='ltr'><strong>quoniam</strong></span> <span class='ocrx_word' id='word_1_116' title='bbox 984 2017 1081 2089; x_wconf 85' lang='lat' dir='ltr'><strong>ipsam</strong></span> <span class='ocrx_word' id='word_1_117' title='bbox 1095 2018 1198 2076; x_wconf 85' lang='lat' dir='ltr'><strong>ectio·</strong></span> 
     </span>
     <span class='ocr_line' id='line_1_16' title="bbox 200 2123 1198 2201; baseline 0.003 -22"><span class='ocrx_word' id='word_1_118' title='bbox 200 2123 249 2180; x_wconf 87' lang='lat' dir='ltr'><strong>uis</strong></span> <span class='ocrx_word' id='word_1_119' title='bbox 271 2123 430 2182; x_wconf 87' lang='lat' dir='ltr'><strong>uotioueru</strong></span> <span class='ocrx_word' id='word_1_120' title='bbox 453 2126 621 2201; x_wconf 84' lang='lat' dir='ltr'><strong>exprimit,</strong></span> <span class='ocrx_word' id='word_1_121' title='bbox 644 2141 723 2197; x_wconf 80' lang='lat' dir='ltr'><strong>quae</strong></span> <span class='ocrx_word' id='word_1_122' title='bbox 746 2124 884 2200; x_wconf 87' lang='lat' dir='ltr'><strong>alicujus</strong></span> <span class='ocrx_word' id='word_1_123' title='bbox 904 2126 1034 2200; x_wconf 81' lang='lat' dir='ltr'><strong>propriu</strong></span> <span class='ocrx_word' id='word_1_124' title='bbox 1057 2129 1118 2195; x_wconf 85' lang='lat' dir='ltr'><strong>est,</strong></span> <span class='ocrx_word' id='word_1_125' title='bbox 1141 2145 1198 2199; x_wconf 79' lang='lat' dir='ltr'><strong>ge-</strong></span> 
     </span>
     <span class='ocr_line' id='line_1_17' title="bbox 198 2233 1198 2311; baseline 0.005 -22"><span class='ocrx_word' id='word_1_126' title='bbox 198 2233 332 2290; x_wconf 85' lang='lat' dir='ltr'><strong>nitivum</strong></span> <span class='ocrx_word' id='word_1_127' title='bbox 362 2234 490 2305; x_wconf 80' lang='lat' dir='ltr'><strong>quidem</strong></span> <span class='ocrx_word' id='word_1_128' title='bbox 520 2236 702 2294; x_wconf 81' lang='lat' dir='ltr'><strong>adsciscere</strong></span> <span class='ocrx_word' id='word_1_129' title='bbox 728 2241 850 2310; x_wconf 80' lang='lat' dir='ltr'><strong>potest3</strong></span> <span class='ocrx_word' id='word_1_130' title='bbox 886 2233 972 2292; x_wconf 90' lang='lat' dir='ltr'><strong>idem</strong></span> <span class='ocrx_word' id='word_1_131' title='bbox 994 2238 1097 2294; x_wconf 78' lang='lat' dir='ltr'><strong>temen</strong></span> <span class='ocrx_word' id='word_1_132' title='bbox 1119 2251 1198 2311; x_wconf 83' lang='lat' dir='ltr'><strong>quo·</strong></span> 
     </span>
     <span class='ocr_line' id='line_1_18' title="bbox 198 2333 1196 2422; baseline 0.004 -22"><span class='ocrx_word' id='word_1_133' title='bbox 198 2342 281 2400; x_wconf 89' lang='lat' dir='ltr'><strong>niam</strong></span> <span class='ocrx_word' id='word_1_134' title='bbox 302 2333 461 2402; x_wconf 82' lang='lat' dir='ltr'><strong>actionem</strong></span> <span class='ocrx_word' id='word_1_135' title='bbox 484 2347 645 2422; x_wconf 80' lang='lat' dir='ltr'><strong>exprimit,</strong></span> <span class='ocrx_word' id='word_1_136' title='bbox 669 2362 749 2419; x_wconf 88' lang='lat' dir='ltr'><strong>quae</strong></span> <span class='ocrx_word' id='word_1_137' title='bbox 770 2345 807 2404; x_wconf 77' lang='lat' dir='ltr'><strong>ur</strong></span> <span class='ocrx_word' id='word_1_138' title='bbox 828 2361 863 2402; x_wconf 87' lang='lat' dir='ltr'><strong>re</strong></span> <span class='ocrx_word' id='word_1_139' title='bbox 886 2361 981 2415; x_wconf 88' lang='lat' dir='ltr'><strong>vera,</strong></span> <span class='ocrx_word' id='word_1_140' title='bbox 1003 2345 1196 2422; x_wconf 80' lang='lat' dir='ltr'><strong>adjectivum</strong></span> 
     </span>
     <span class='ocr_line' id='line_1_19' title="bbox 198 2452 1198 2530; baseline 0.002 -20"><span class='ocrx_word' id='word_1_141' title='bbox 198 2452 382 2512; x_wconf 84' lang='lat' dir='ltr'><strong>adsciscere</strong></span> <span class='ocrx_word' id='word_1_142' title='bbox 404 2472 465 2512; x_wconf 89' lang='lat' dir='ltr'><strong>nou</strong></span> <span class='ocrx_word' id='word_1_143' title='bbox 493 2459 614 2530; x_wconf 87' lang='lat' dir='ltr'><strong>potest,</strong></span> <span class='ocrx_word' id='word_1_144' title='bbox 641 2455 697 2512; x_wconf 89' lang='lat' dir='ltr'><strong>sed</strong></span> <span class='ocrx_word' id='word_1_145' title='bbox 725 2454 860 2528; x_wconf 74' lang='lat' dir='ltr'><strong>paulitas</strong></span> <span class='ocrx_word' id='word_1_146' title='bbox 881 2455 1034 2530; x_wconf 86' lang='lat' dir='ltr'><strong>actionis,</strong></span> <span class='ocrx_word' id='word_1_147' title='bbox 1061 2473 1143 2530; x_wconf 79' lang='lat' dir='ltr'><strong>quse</strong></span> <span class='ocrx_word' id='word_1_148' title='bbox 1167 2457 1198 2514; x_wconf 92' lang='lat' dir='ltr'><strong>ei</strong></span> 
     </span>
     <span class='ocr_line' id='line_1_20' title="bbox 197 2562 1197 2637; baseline 0.006 -18"><span class='ocrx_word' id='word_1_149' title='bbox 197 2563 298 2632; x_wconf 86' lang='lat' dir='ltr'><strong>inest,</strong></span> <span class='ocrx_word' id='word_1_150' title='bbox 340 2562 532 2626; x_wconf 80' lang='lat' dir='ltr'><strong>describitur</strong></span> <span class='ocrx_word' id='word_1_151' title='bbox 565 2565 728 2626; x_wconf 78' lang='lat' dir='ltr'><strong>adverbio.</strong></span> <span class='ocrx_word' id='word_1_152' title='bbox 793 2563 940 2637; x_wconf 83' lang='lat' dir='ltr'><strong>Denique</strong></span> <span class='ocrx_word' id='word_1_153' title='bbox 968 2567 1197 2627; x_wconf 84' lang='lat' dir='ltr'><strong>substantivum</strong></span> 
     </span>
     <span class='ocr_line' id='line_1_21' title="bbox 197 2671 1198 2746; baseline 0.004 -16"><span class='ocrx_word' id='word_1_154' title='bbox 197 2671 328 2730; x_wconf 83' lang='lat' dir='ltr'><strong>vertruie</strong></span> <span class='ocrx_word' id='word_1_155' title='bbox 357 2677 501 2746; x_wconf 86' lang='lat' dir='ltr'><strong>quoniam</strong></span> <span class='ocrx_word' id='word_1_156' title='bbox 534 2682 569 2736; x_wconf 88' lang='lat' dir='ltr'><strong>et</strong></span> <span class='ocrx_word' id='word_1_157' title='bbox 597 2677 755 2735; x_wconf 87' lang='lat' dir='ltr'><strong>notionem</strong></span> <span class='ocrx_word' id='word_1_158' title='bbox 791 2677 926 2733; x_wconf 88' lang='lat' dir='ltr'><strong>actionis</strong></span> <span class='ocrx_word' id='word_1_159' title='bbox 951 2675 1110 2746; x_wconf 78' lang='lat' dir='ltr'><strong>significet</strong></span> <span class='ocrx_word' id='word_1_160' title='bbox 1137 2693 1198 2735; x_wconf 84' lang='lat' dir='ltr'><strong>uec</strong></span> 
     </span>
     <span class='ocr_line' id='line_1_22' title="bbox 196 2783 1199 2860; baseline 0.003 -19"><span class='ocrx_word' id='word_1_161' title='bbox 196 2783 331 2842; x_wconf 88' lang='lat' dir='ltr'><strong>actionis</strong></span> <span class='ocrx_word' id='word_1_162' title='bbox 358 2783 429 2859; x_wconf 84' lang='lat' dir='ltr'><strong>ejus</strong></span> <span class='ocrx_word' id='word_1_163' title='bbox 451 2803 532 2859; x_wconf 86' lang='lat' dir='ltr'><strong>quae</strong></span> <span class='ocrx_word' id='word_1_164' title='bbox 553 2788 608 2844; x_wconf 82' lang='lat' dir='ltr'><strong>dat</strong></span> <span class='ocrx_word' id='word_1_165' title='bbox 630 2803 664 2843; x_wconf 92' lang='lat' dir='ltr'><strong>re</strong></span> <span class='ocrx_word' id='word_1_166' title='bbox 683 2800 771 2860; x_wconf 81' lang='lat' dir='ltr'><strong>veru,</strong></span> <span class='ocrx_word' id='word_1_167' title='bbox 793 2790 902 2858; x_wconf 87' lang='lat' dir='ltr'><strong>potest</strong></span> <span class='ocrx_word' id='word_1_168' title='bbox 924 2790 958 2843; x_wconf 88' lang='lat' dir='ltr'><strong>et</strong></span> <span class='ocrx_word' id='word_1_169' title='bbox 979 2785 1142 2860; x_wconf 87' lang='lat' dir='ltr'><strong>adjectivo</strong></span> <span class='ocrx_word' id='word_1_170' title='bbox 1164 2791 1199 2844; x_wconf 86' lang='lat' dir='ltr'><strong>ct</strong></span> 
     </span>
     <span class='ocr_line' id='line_1_23' title="bbox 197 2893 497 2963; baseline 0.03 -14"><span class='ocrx_word' id='word_1_171' title='bbox 197 2895 339 2963; x_wconf 76' lang='lat' dir='ltr'><strong>genitivo</strong></span> <span class='ocrx_word' id='word_1_172' title='bbox 362 2893 497 2958; x_wconf 82' lang='lat' dir='ltr'><strong>definiri.</strong></span> 
     </span>
    </p>

    <p class='ocr_par' dir='ltr' id='par_1_5' title="bbox 281 3001 1194 3080">
     <span class='ocr_line' id='line_1_24' title="bbox 281 3001 1194 3080; baseline 0.001 -18"><span class='ocrx_word' id='word_1_173' title='bbox 281 3001 375 3073; x_wconf 42' lang='lat' dir='ltr'><strong>Satis,</strong></span> <span class='ocrx_word' id='word_1_174' title='bbox 389 3005 465 3062; x_wconf 79' lang='lat' dir='ltr'><strong>mim</strong></span> <span class='ocrx_word' id='word_1_175' title='bbox 488 3006 585 3064; x_wconf 84' lang='lat' dir='ltr'><strong>multa</strong></span> <span class='ocrx_word' id='word_1_176' title='bbox 607 3008 704 3063; x_wconf 85' lang='lat' dir='ltr'><strong>verba</strong></span> <span class='ocrx_word' id='word_1_177' title='bbox 727 3003 843 3062; x_wconf 79' lang='lat' dir='ltr'><strong>secisse</strong></span> <span class='ocrx_word' id='word_1_178' title='bbox 865 3003 994 3080; x_wconf 67' lang='lat' dir='ltr'><strong>videor,</strong></span> <span class='ocrx_word' id='word_1_179' title='bbox 1019 3019 1076 3062; x_wconf 84' lang='lat' dir='ltr'><strong>cur</strong></span> <span class='ocrx_word' id='word_1_180' title='bbox 1096 3004 1194 3063; x_wconf 78' lang='lat' dir='ltr'><strong>retio-</strong></span> 
     </span>
    </p>
   </div>
   <div class='ocr_carea' id='block_1_5' title="bbox 194 3101 1256 3300">
    <p class='ocr_par' dir='ltr' id='par_1_6' title="bbox 194 3101 1256 3300">
     <span class='ocr_line' id='line_1_25' title="bbox 194 3101 1256 3189; baseline 0.002 -19"><span class='ocrx_word' id='word_1_181' title='bbox 194 3130 265 3171; x_wconf 87' lang='lat' dir='ltr'><strong>uem</strong></span> <span class='ocrx_word' id='word_1_182' title='bbox 288 3132 352 3173; x_wconf 88' lang='lat' dir='ltr'><strong>non</strong></span> <span class='ocrx_word' id='word_1_183' title='bbox 373 3115 489 3175; x_wconf 79' lang='lat' dir='ltr'><strong>habeut</strong></span> <span class='ocrx_word' id='word_1_184' title='bbox 511 3117 622 3173; x_wconf 89' lang='lat' dir='ltr'><strong>dicere</strong></span> <span class='ocrx_word' id='word_1_185' title='bbox 640 3105 676 3174; x_wconf 71' lang='grc' dir='ltr'><strong>τὸ</strong></span> <span class='ocrx_word' id='word_1_186' title='bbox 698 3101 821 3172; x_wconf 68' lang='grc' dir='ltr'><em>τοιόνδε</em></span> <span class='ocrx_word' id='word_1_187' title='bbox 842 3104 966 3189; x_wconf 76' lang='grc' dir='ltr'><strong>ἀξιοῦν,</strong></span> <span class='ocrx_word' id='word_1_188' title='bbox 989 3113 1030 3171; x_wconf 86' lang='lat' dir='ltr'><strong>de</strong></span> <span class='ocrx_word' id='word_1_189' title='bbox 1047 3133 1110 3189; x_wconf 86' lang='lat' dir='ltr'><strong>quo</strong></span> <span class='ocrx_word' id='word_1_190' title='bbox 1126 3118 1195 3174; x_wconf 79' lang='lat' dir='ltr'><strong>sive</strong></span> <span class='ocrx_word' id='word_1_191' title='bbox 1251 3161 1256 3166; x_wconf 89' lang='lat'><em>.</em></span> 
     </span>
     <span class='ocr_line' id='line_1_26' title="bbox 194 3219 1194 3300; baseline 0.003 -20"><span class='ocrx_word' id='word_1_192' title='bbox 194 3229 285 3282; x_wconf 84' lang='lat' dir='ltr'><strong>recte</strong></span> <span class='ocrx_word' id='word_1_193' title='bbox 309 3226 443 3300; x_wconf 87' lang='lat' dir='ltr'><strong>exposui</strong></span> <span class='ocrx_word' id='word_1_194' title='bbox 465 3229 532 3282; x_wconf 88' lang='lat' dir='ltr'><strong>sive</strong></span> <span class='ocrx_word' id='word_1_195' title='bbox 555 3219 652 3296; x_wconf 80' lang='lat' dir='ltr'><strong>falso,</strong></span> <span class='ocrx_word' id='word_1_196' title='bbox 674 3221 825 3299; x_wconf 81' lang='lat' dir='ltr'><strong>loquendi</strong></span> <span class='ocrx_word' id='word_1_197' title='bbox 840 3231 939 3285; x_wconf 86' lang='lat' dir='ltr'><strong>certe</strong></span> <span class='ocrx_word' id='word_1_198' title='bbox 963 3239 1021 3283; x_wconf 90' lang='lat' dir='ltr'><strong>usu</strong></span> <span class='ocrx_word' id='word_1_199' title='bbox 1045 3230 1194 3284; x_wconf 82' lang='lat' dir='ltr'><strong>ohserva-</strong></span> 
     </span>
    </p>
   </div>
   <div class='ocr_carea' id='block_1_6' title="bbox 192 3332 1194 4294">
    <p class='ocr_par' dir='ltr' id='par_1_7' title="bbox 192 3332 1194 4294">
     <span class='ocr_line' id='line_1_27' title="bbox 194 3332 1193 3408; baseline -0.001 -17"><span class='ocrx_word' id='word_1_200' title='bbox 194 3335 241 3391; x_wconf 90' lang='lat' dir='ltr'><strong>tio</strong></span> <span class='ocrx_word' id='word_1_201' title='bbox 259 3351 328 3392; x_wconf 82' lang='lat' dir='ltr'><strong>mea</strong></span> <span class='ocrx_word' id='word_1_202' title='bbox 345 3335 544 3394; x_wconf 83' lang='lat' dir='ltr'><strong>confirmetur</strong></span> <span class='ocrx_word' id='word_1_203' title='bbox 558 3337 702 3408; x_wconf 76' lang='lat' dir='ltr'><strong>egregie.</strong></span> <span class='ocrx_word' id='word_1_204' title='bbox 729 3332 794 3392; x_wconf 88' lang='lat' dir='ltr'><strong>Sed</strong></span> <span class='ocrx_word' id='word_1_205' title='bbox 811 3354 851 3392; x_wconf 89' lang='lat' dir='ltr'><strong>ne</strong></span> <span class='ocrx_word' id='word_1_206' title='bbox 864 3335 939 3392; x_wconf 83' lang='lat' dir='ltr'><strong>urilri</strong></span> <span class='ocrx_word' id='word_1_207' title='bbox 957 3337 1085 3392; x_wconf 78' lang='lat' dir='ltr'><strong>obstare</strong></span> <span class='ocrx_word' id='word_1_208' title='bbox 1103 3335 1193 3392; x_wconf 86' lang='lat' dir='ltr'><strong>vide·</strong></span> 
     </span>
     <span class='ocr_line' id='line_1_28' title="bbox 194 3444 1193 3520; baseline 0.003 -21"><span class='ocrx_word' id='word_1_209' title='bbox 194 3450 288 3502; x_wconf 86' lang='lat' dir='ltr'><strong>antur</strong></span> <span class='ocrx_word' id='word_1_210' title='bbox 304 3445 450 3520; x_wconf 85' lang='lat' dir='ltr'><strong>exempla</strong></span> <span class='ocrx_word' id='word_1_211' title='bbox 466 3445 617 3518; x_wconf 78' lang='lat' dir='ltr'><strong>quaedam</strong></span> <span class='ocrx_word' id='word_1_212' title='bbox 628 3461 670 3500; x_wconf 82' lang='lat' dir='ltr'><strong>ex</strong></span> <span class='ocrx_word' id='word_1_213' title='bbox 680 3445 730 3515; x_wconf 89' lang='lat' dir='ltr'><strong>iis,</strong></span> <span class='ocrx_word' id='word_1_214' title='bbox 753 3461 833 3518; x_wconf 82' lang='lat' dir='ltr'><strong>quse</strong></span> <span class='ocrx_word' id='word_1_215' title='bbox 852 3444 1021 3520; x_wconf 77' lang='lat' dir='ltr'><strong>proferam,</strong></span> <span class='ocrx_word' id='word_1_216' title='bbox 1045 3444 1108 3503; x_wconf 94' lang='lat' dir='ltr'><strong>duo</strong></span> <span class='ocrx_word' id='word_1_217' title='bbox 1119 3451 1193 3503; x_wconf 87' lang='lat' dir='ltr'><strong>ante</strong></span> 
     </span>
     <span class='ocr_line' id='line_1_29' title="bbox 194 3554 1194 3630; baseline 0.002 -19"><span class='ocrx_word' id='word_1_218' title='bbox 194 3555 351 3614; x_wconf 77' lang='lat' dir='ltr'><strong>monenda</strong></span> <span class='ocrx_word' id='word_1_219' title='bbox 377 3559 466 3624; x_wconf 71' lang='lat' dir='ltr'><strong>sunt5</strong></span> <span class='ocrx_word' id='word_1_220' title='bbox 494 3573 564 3613; x_wconf 82' lang='lat' dir='ltr'><strong>nuru</strong></span> <span class='ocrx_word' id='word_1_221' title='bbox 587 3554 673 3628; x_wconf 82' lang='lat' dir='ltr'><strong>quod</strong></span> <span class='ocrx_word' id='word_1_222' title='bbox 692 3571 787 3630; x_wconf 91' lang='lat' dir='ltr'><strong>supra</strong></span> <span class='ocrx_word' id='word_1_223' title='bbox 808 3569 934 3630; x_wconf 87' lang='lat' dir='ltr'><strong>semper</strong></span> <span class='ocrx_word' id='word_1_224' title='bbox 954 3554 1072 3625; x_wconf 79' lang='lat' dir='ltr'><strong>agendi</strong></span> <span class='ocrx_word' id='word_1_225' title='bbox 1094 3557 1194 3612; x_wconf 80' lang='lat' dir='ltr'><strong>verbo</strong></span> 
     </span>
     <span class='ocr_line' id='line_1_30' title="bbox 194 3663 1193 3735; baseline 0.001 -13"><span class='ocrx_word' id='word_1_226' title='bbox 194 3679 268 3722; x_wconf 88' lang='lat' dir='ltr'><strong>usos</strong></span> <span class='ocrx_word' id='word_1_227' title='bbox 296 3679 380 3735; x_wconf 91' lang='lat' dir='ltr'><strong>sum,</strong></span> <span class='ocrx_word' id='word_1_228' title='bbox 421 3664 539 3722; x_wconf 82' lang='lat' dir='ltr'><strong>iactum</strong></span> <span class='ocrx_word' id='word_1_229' title='bbox 568 3665 601 3722; x_wconf 89' lang='lat' dir='ltr'><strong>id</strong></span> <span class='ocrx_word' id='word_1_230' title='bbox 629 3672 678 3724; x_wconf 85' lang='lat' dir='ltr'><strong>est</strong></span> <span class='ocrx_word' id='word_1_231' title='bbox 704 3669 745 3725; x_wconf 83' lang='lat' dir='ltr'><strong>ob</strong></span> <span class='ocrx_word' id='word_1_232' title='bbox 773 3664 892 3722; x_wconf 78' lang='lat' dir='ltr'><strong>formae</strong></span> <span class='ocrx_word' id='word_1_233' title='bbox 924 3663 1193 3734; x_wconf 68' lang='lat' dir='ltr'><strong>commoditatem</strong></span> 
     </span>
     <span class='ocr_line' id='line_1_31' title="bbox 194 3771 1193 3848; baseline 0 -18"><span class='ocrx_word' id='word_1_234' title='bbox 194 3771 335 3848; x_wconf 77' lang='lat' dir='ltr'><strong>alioquin</strong></span> <span class='ocrx_word' id='word_1_235' title='bbox 362 3775 444 3833; x_wconf 87' lang='lat' dir='ltr'><strong>euim</strong></span> <span class='ocrx_word' id='word_1_236' title='bbox 476 3789 562 3832; x_wconf 86' lang='lat' dir='ltr'><strong>esse</strong></span> <span class='ocrx_word' id='word_1_237' title='bbox 589 3779 688 3833; x_wconf 78' lang='lat' dir='ltr'><strong>verim</strong></span> <span class='ocrx_word' id='word_1_238' title='bbox 710 3788 823 3833; x_wconf 86' lang='lat' dir='ltr'><strong>usurus</strong></span> <span class='ocrx_word' id='word_1_239' title='bbox 845 3789 948 3844; x_wconf 87' lang='lat' dir='ltr'><strong>eram,</strong></span> <span class='ocrx_word' id='word_1_240' title='bbox 982 3781 1018 3832; x_wconf 84' lang='lat' dir='ltr'><strong>rit</strong></span> <span class='ocrx_word' id='word_1_241' title='bbox 1040 3774 1193 3848; x_wconf 86' lang='lat' dir='ltr'><strong>quidquid</strong></span> 
     </span>
     <span class='ocr_line' id='line_1_32' title="bbox 195 3883 1192 3960; baseline 0 -20"><span class='ocrx_word' id='word_1_242' title='bbox 195 3897 265 3940; x_wconf 84' lang='lat' dir='ltr'><strong>esse</strong></span> <span class='ocrx_word' id='word_1_243' title='bbox 290 3883 344 3942; x_wconf 88' lang='lat' dir='ltr'><strong>vei</strong></span> <span class='ocrx_word' id='word_1_244' title='bbox 371 3887 476 3944; x_wconf 86' lang='lat' dir='ltr'><strong>activa</strong></span> <span class='ocrx_word' id='word_1_245' title='bbox 499 3885 551 3942; x_wconf 86' lang='lat' dir='ltr'><strong>vei</strong></span> <span class='ocrx_word' id='word_1_246' title='bbox 572 3887 697 3960; x_wconf 80' lang='lat' dir='ltr'><strong>passive</strong></span> <span class='ocrx_word' id='word_1_247' title='bbox 717 3901 800 3942; x_wconf 83' lang='lat' dir='ltr'><strong>voce</strong></span> <span class='ocrx_word' id='word_1_248' title='bbox 821 3883 888 3940; x_wconf 87' lang='lat' dir='ltr'><strong>diei</strong></span> <span class='ocrx_word' id='word_1_249' title='bbox 910 3888 1035 3960; x_wconf 81' lang='lat' dir='ltr'><strong>potest,</strong></span> <span class='ocrx_word' id='word_1_250' title='bbox 1071 3884 1192 3958; x_wconf 80' lang='lat' dir='ltr'><strong>signiti-</strong></span> 
     </span>
     <span class='ocr_line' id='line_1_33' title="bbox 195 3993 1191 4069; baseline 0.005 -22"><span class='ocrx_word' id='word_1_251' title='bbox 195 3995 309 4052; x_wconf 81' lang='lat' dir='ltr'><strong>carem.</strong></span> <span class='ocrx_word' id='word_1_252' title='bbox 351 3993 527 4055; x_wconf 83' lang='lat' dir='ltr'><strong>Praeterea</strong></span> <span class='ocrx_word' id='word_1_253' title='bbox 555 3996 583 4052; x_wconf 89' lang='lat' dir='ltr'><strong>si</strong></span> <span class='ocrx_word' id='word_1_254' title='bbox 613 3995 737 4068; x_wconf 88' lang='lat' dir='ltr'><strong>quaudo</strong></span> <span class='ocrx_word' id='word_1_255' title='bbox 765 3996 935 4069; x_wconf 84' lang='lat' dir='ltr'><strong>participio</strong></span> <span class='ocrx_word' id='word_1_256' title='bbox 957 3995 1085 4054; x_wconf 73' lang='lat' dir='ltr'><strong>additur</strong></span> <span class='ocrx_word' id='word_1_257' title='bbox 1105 3995 1191 4054; x_wconf 78' lang='lat' dir='ltr'><strong>uiirui</strong></span> 
     </span>
     <span class='ocr_line' id='line_1_34' title="bbox 192 4101 1191 4180; baseline 0.004 -22"><span class='ocrx_word' id='word_1_258' title='bbox 192 4101 395 4178; x_wconf 85' lang='lat' dir='ltr'><strong>participium</strong></span> <span class='ocrx_word' id='word_1_259' title='bbox 428 4105 624 4165; x_wconf 85' lang='lat' dir='ltr'><strong>condicionis</strong></span> <span class='ocrx_word' id='word_1_260' title='bbox 653 4105 790 4180; x_wconf 82' lang='lat' dir='ltr'><strong>aiicujus</strong></span> <span class='ocrx_word' id='word_1_261' title='bbox 821 4106 1049 4178; x_wconf 77' lang='lat' dir='ltr'><strong>significandae</strong></span> <span class='ocrx_word' id='word_1_262' title='bbox 1083 4121 1191 4180; x_wconf 78' lang='lat' dir='ltr'><strong>causa,</strong></span> 
     </span>
     <span class='ocr_line' id='line_1_35' title="bbox 192 4210 1190 4294; baseline 0.01 -28"><span class='ocrx_word' id='word_1_263' title='bbox 192 4210 225 4268; x_wconf 94' lang='lat' dir='ltr'><strong>id</strong></span> <span class='ocrx_word' id='word_1_264' title='bbox 258 4227 440 4287; x_wconf 85' lang='lat' dir='ltr'><strong>quamquam</strong></span> <span class='ocrx_word' id='word_1_265' title='bbox 476 4216 618 4291; x_wconf 87' lang='lat' dir='ltr'><strong>speciem</strong></span> <span class='ocrx_word' id='word_1_266' title='bbox 652 4215 805 4294; x_wconf 69' lang='lat' dir='ltr'><strong>adjectivi</strong></span> <span class='ocrx_word' id='word_1_267' title='bbox 837 4216 949 4286; x_wconf 81' lang='lat' dir='ltr'><strong>habet,</strong></span> <span class='ocrx_word' id='word_1_268' title='bbox 992 4233 1053 4274; x_wconf 89' lang='lat' dir='ltr'><strong>nou</strong></span> <span class='ocrx_word' id='word_1_269' title='bbox 1089 4221 1190 4276; x_wconf 78' lang='lat' dir='ltr'><strong>umen</strong></span> 
     </span>
    </p>
   </div>
   <div class='ocr_carea' id='block_1_7' title="bbox 0 0 1510 4812">
    <p class='ocr_par' dir='ltr' id='par_1_8' title="bbox 0 0 1510 4812">
     <span class='ocr_line' id='line_1_36' title="bbox 0 0 1510 4812; baseline 0 5"><span class='ocrx_word' id='word_1_270' title='bbox 0 0 1510 4812; x_wconf 95' lang='lat' dir='ltr'><strong> </strong></span> 
     </span>
    </p>
   </div>
  </div>
 </body>
</html>
