3012 4796
484 805 726 900 Audendo
747 812 796 884 et
809 751 1124 899 detergente.

300 1073 363 1146 Pag.
381 1078 404 1134 1.
420 1069 467 1129 lin.
484 1075 509 1130 3.
526 1065 754 1156 ρτολκᾳρίσησξ
774 1068 828 1141 leg.
845 1067 1031 1151 ung-luanus.

301 1159 364 1233 lag.
379 1163 404 1214 3.
422 1155 468 1217 lin.
485 1161 519 1212 10
543 1153 635 1211 Adde:
653 1153 689 1212 ol.
705 1151 751 1234 lib.
769 1147 838 1223 Vlll,
856 1175 880 1212 c.
896 1161 929 1212 78
946 1165 1014 1214 extr.
1031 1146 1153 1223 οὔκουν
1173 1154 1305 1241 ἔφασαν

385 1241 504 1327 χρῆναι
525 1239 649 1326 μέλλειν
669 1233 724 1323 dra,
745 1235 831 1305 ἀλλὰ
854 1243 1104 1326 διαναυμαχεῖν.
1140 1244 1305 1320 quibusver·

384 1328 436 1394 bis,
454 1327 578 1402 qnoniam
596 1323 631 1381 de
648 1323 743 1381 eadem
760 1344 790 1381 re
807 1323 901 1406 agitur,
918 1327 983 1382 setis
997 1325 1144 1384 declaratur
1160 1327 1305 1386 celeritatis

383 1412 520 1468 notionem
538 1411 585 1465 rix
607 1409 693 1466 omitti
710 1409 843 1486 potuisse.
859 1439 893 1452 ·-
922 1409 1035 1486 ¹Deinde
1056 1410 1091 1468 ad
1108 1411 1158 1474 lin.
1176 1418 1217 1475 1³.
1234 1413 1306 1472 adde
1324 1457 1325 1462 ,

383 1495 476 1572 Eurlp·
494 1491 597 1552 Phoen·
615 1497 673 1549 899·
702 1494 730 1558 εἰ
749 1481 793 1579 pal
816 1492 1030 1570 saepefuerat.

299 1582 360 1657 Peg.
378 1586 420 1649 57,
437 1579 483 1637 lin.
499 1583 524 1635 2.
543 1574 604 1635 dele
621 1577 862 1655 interpunctionem
878 1589 943 1655 post
958 1579 1056 1652 bunc,
1069 1582 1106 1640 ib.
1121 1581 1169 1641 litt.
1182 1588 1207 1644 7.
1223 1584 1304 1641 scrib.

383 1662 575 1742 proficisci.
592 1681 642 1740 pro
659 1661 835 1740 proficisc.
852 1671 880 1719 et
895 1661 942 1725 lin.
960 1670 1000 1723 tt.
1018 1676 1079 1726 est.
1097 1689 1148 1745 pro
1166 1669 1241 1728 esti.

298 1750 363 1825 Pagi
380 1755 424 1807 65.
439 1747 511 1805 tina
528 1755 557 1803 et
573 1749 597 1805 3.
614 1745 809 1835 Ἐπὶσχολῆς
835 1746 903 1808 dixit
919 1751 998 1806 otiam
1016 1750 1085 1810 l'lut
1097 1751 1178 1811 caea.
1197 1773 1220 1809 c.
1233 1757 1258 1810 2.
1276 1761 1304 1810 et

382 1832 429 1918 ἐφ’
451 1829 595 1944 ἡσυχίας
615 1831 688 1889 idem
705 1831 836 1890 Tbemiot
854 1853 878 1892 c.
896 1839 936 1892 16.
961 1836 1002 1892 Ac
1010 1834 1045 1892 de
1055 1856 1089 1893 eo
1100 1835 1173 1914 quod
1182 1839 1305 1913 sequitur

382 1919 429 2006 ἐφ’
452 1919 583 2030 ’,ἱλήκοιςκ
598 1915 717 2028 ⁰⁰¹¹fffffl,
733 1915 816 1975 debet
832 1918 970 1997 Aristopb.
986 1920 1075 1997 Equit.
1092 1926 1150 1979 524.
1172 1919 1220 1988 ἐπὶ
1241 1919 1303 2010 φή.

298 2095 361 2168 Peg.
381 2032 610 2166 ddnl’inlnl5ypldrb
627 2003 841 2165 lpqltodldlldodo
858 2085 911 2164 leg.
928 2087 1173 2154 ouodammodo.

298 2177 360 2252 l'ttg.
377 2181 418 2232 lli.
435 2174 481 2232 lin.
500 2180 540 2231 11.
557 2173 590 2230 &ll
608 2171 654 2229 ult
672 2172 754 2228 scl'll).
773 2170 968 2259 ἐυρυμεῒσῇε
989 2193 1039 2254 ΡΝ
1056 2177 1255 2264 ἑνβυμεΐςῇε,

297 2261 359 2337 l'ag.
376 2265 417 2316 tt.
434 2259 473 2316 lin
489 2263 531 2315 20.
550 2277 591 2334 sq.
607 2256 689 2318 scrib.
706 2254 886 2343 (jodtwgaffl
909 2296 922 2310 ·
945 2261 1021 2337 quis
1027 2262 1114 2338 pia'm
1130 2283 1180 2340 pro
1196 2274 1303 2349 βουλε.

381 2361 441 2422 ἓαι
464 2382 478 2397 .
501 2344 576 2422 quis
594 2343 688 2419 piam.

296 2431 360 2508 Peg.
375 2437 416 2492 97.
444 2428 475 2487 ln
497 2425 664 2486 emendando
687 2426 803 2503 Gorgiae
826 2427 887 2485 loco
910 2429 993 2486 multo
1016 2431 1098 2502 magis
1121 2430 1156 2488 de
1177 2431 1302 2492 andaciae

382 2515 492 2572 crimine
506 2512 639 2569 sollicitus
654 2531 735 2579 eram,
752 2532 831 2590 qnam
848 2513 988 2591 operabam
1003 2511 1037 2570 de
1052 2513 1174 2572 codicum
1187 2517 1302 2584 anxili03

381 2619 441 2658 nam
459 2594 533 2676 qnod
554 2595 640 2651 tribus
661 2593 742 2650 simul
763 2595 850 2653 modis
872 2617 966 2655 vocem
984 2595 1122 2684 α’όρηςοι
1148 2610 1301 2672 mutassem,

381 2692 411 2741 ut
427 2683 615 2739 restitueretur
638 2675 1027 2767 ffl6m201‚qnamvistres
1056 2683 1115 2740 illas
1140 2688 1301 2744 mutationes

379 2769 445 2826 satis
467 2765 694 2823 demonstrassem
715 2786 767 2844 per
787 2786 819 2823 se
836 2765 955 2840 singulas
976 2768 1207 2846 frequentissimas
1230 2791 1301 2843 esse,

377 2869 527 2930 vocemque
550 2849 635 2926 ipsam
652 2871 667 2906 a
685 2870 728 2907 me
748 2851 896 2906 restitutam
913 2855 1061 2909 sententiae
1082 2853 1222 2931 praeclare
1239 2876 1301 2913 con-

377 2937 472 2992 venire
489 2929 680 3008 intelligerem,
697 2943 786 2990 tamen
803 2934 927 2990 timebam
945 2953 980 2990 ne
994 2937 1074 2992 nimis
1091 2937 1208 2994 violenta
1226 2939 1301 2998 ride·

378 3029 453 3076 retur
469 3013 513 3074 illa
531 3019 694 3076 cautioribus
709 3018 824 3092 ingeniis
842 3017 987 3087 medicina;
1005 3019 1078 3096 quod
1094 3031 1182 3078 antem
1200 3023 1301 3083 Walzii

378 3102 513 3160 rhetorum
538 3102 622 3160 editio
644 3101 677 3158 ad
695 3122 787 3158 manus
809 3116 864 3158 non
888 3110 958 3168 erat,
982 3122 1069 3179 paene
1091 3126 1145 3163 non
1167 3106 1301 3180 dolebam,

379 3189 441 3266 qnia
457 3188 485 3243 in
501 3197 554 3243 tam
572 3187 644 3263 gravi
667 3184 817 3263 corruptela
840 3186 987 3242 commuuio
1005 3186 1076 3244 solet
1098 3209 1161 3248 esse
1179 3192 1301 3250 codicum

378 3293 444 3330 mss.
462 3291 550 3337 error3
567 3271 738 3348 inspecturus
755 3283 842 3328 tamen
855 3288 926 3326 eram
944 3267 1089 3328 editionem
1108 3273 1190 3344 illam,
1206 3279 1259 3334 nisi
1272 3277 1301 3334 id

377 3360 405 3412 in
422 3375 524 3413 summa
548 3355 722 3432 occupatione
744 3355 845 3411 oblitus
868 3371 967 3413 essem.
1002 3354 1079 3412 Nunc
1101 3378 1167 3416 vero
1188 3361 1300 3420 mirifice

378 3440 443 3496 milri
461 3438 606 3517 displiceo,
629 3436 702 3516 quod
719 3448 772 3494 tam
790 3457 881 3514 parum
900 3435 1014 3495 fiduciae
1032 3441 1059 3496 io
1077 3440 1153 3502 codd.
1170 3463 1235 3501 msa.
1251 3465 1300 3523 po·

378 3527 436 3597 eui3
452 3523 534 3580 video
552 3524 623 3579 enim
641 3524 729 3600 ipsum
747 3520 815 3578 illnd
831 3512 999 3609 εὐὸῥγηςοι
1022 3545 1056 3581 ex
1073 3528 1108 3582 iis
1124 3528 1176 3600 jam
1194 3531 1300 3586 restitn-

378 3604 433 3667 tnm
456 3627 519 3665 esee
541 3628 555 3662 a
578 3603 685 3663 Walaio
707 3607 735 3662 in
756 3607 894 3664 rhetorum
915 3608 968 3665 rol.
990 3607 1023 3668 V.
1044 3629 1105 3684 pag.
1126 3614 1185 3670 550.
1210 3632 1300 3690 neque

376 3703 465 3750 tamen
482 3693 605 3768 poenitet
622 3693 804 3766 conjecturae,
824 3712 893 3770 quae
912 3694 964 3748 etsi
980 3693 1115 3771 superllna
1134 3693 1191 3763 luit,
1208 3707 1301 3773 potest

377 3787 464 3834 tamen
482 3775 643 3834 documento
662 3795 738 3844 esse,
761 3796 796 3832 ne
812 3777 893 3834 nimie
914 3777 991 3835 lacile
1009 3777 1176 3852 conjectandi
1192 3781 1300 3838 andacia

378 3871 525 3920 accusetur.

292 3948 354 4023 Peg.
372 3951 429 4003 104.
447 3945 495 4002 lin.
506 3945 652 4021 &Eodem
670 3942 751 4002 modo
768 3944 894 4028 ἐπέχειν
913 3944 1012 4002 dictum
1029 3944 1081 4003 sed
1097 3948 1156 4004 sine
1174 3969 1238 4006 casn
1253 3971 1299 4028 ap.

375 4032 467 4108 Eurlp·
485 4029 581 4087 Bacth·
601 4035 674 4093 1129·
705 4027 855 4112 ’Avaoudn
885 4031 908 4098 ν’
933 4023 1029 4113 ὄχλος
1058 4060 1090 4098 re
1112 4034 1174 4109 πᾶς
1194 4035 1299 4116 ἐπεῖχε

377 4115 523 4197 Βακχῶν,
567 4112 607 4171 lbi
624 4112 769 4192 Elmslejus
792 4119 829 4176 ait
845 4125 971 4194 congesta
996 4135 1058 4175 esse
1077 4115 1200 4199 exempla
1219 4119 1299 4180 multa

378 4221 392 4257 a
409 4199 569 4276 lllnsgravio.

695 4349 893 4374 nun*—
