3010 4812
1152 371 1202 414 uti

200 524 287 584 coru
305 532 443 594 errasse,
466 523 519 582 rel
542 521 689 582 feliciore
711 523 840 596 ingenio
858 524 987 586 meliora
1008 528 1087 586 mels
1110 528 1199 588 inve·

196 643 274 701 niet.
318 637 401 702 llisd
426 658 504 702 vero
524 658 596 702 meo
618 613 693 700 mihi
709 643 786 718 jure
811 654 937 704 sumere
957 646 1085 716 videor,
1114 643 1200 723 quod

196 762 298 837 ipsam
328 763 390 821 huc
422 763 598 822 studiorum
629 775 730 833 genas
762 762 956 838 reprehendi
985 763 1076 838 nolo,
1113 765 1199 842 quod

196 881 322 956 quidem
346 894 407 942 nou
431 881 510 940 utile
530 881 632 940 salum
648 893 731 951 esse,
754 877 812 938 sed
836 881 942 954 ellam,
965 889 1001 942 ut
1022 894 1198 946 nunciem-

196 1015 272 1074 nora
288 989 384 1071 'saum
413 1001 586 1059 modestiae
608 1000 740 1074 aliquam
764 991 891 1059 landem
912 1002 1029 1061 hahere
1051 1005 1197 1064 arbitror.
1320 1065 1322 1070 ,

194 1115 291 1178 Haud
317 1134 389 1179 mro
416 1121 499 1178 enim
528 1118 677 1178 accidere
706 1120 803 1178 hodie
831 1120 994 1194 videnum,
1025 1130 1059 1185 ut
1083 1125 1139 1197 qul
1164 1125 1197 1183 in

195 1247 259 1298 uno
293 1238 437 1300 alterove
472 1238 608 1315 alicujus
636 1240 801 1314 scriptoris
833 1239 908 1298 loco
941 1255 1046 1299 verum
1075 1253 1112 1300 se
1142 1242 1196 1300 vel

193 1357 424 1432 interpretandi
460 1359 513 1415 vel
549 1357 735 1416 emendandi
768 1360 849 1417 viam
886 1360 1045 1431 ingressos
1074 1364 1197 1436 quoteni,

192 1478 361 1554 separatim
392 1473 433 1534 de
462 1477 506 1534 -iis
536 1477 618 1535 locis
646 1478 807 1552 disputare
835 1479 997 1540 fastidiunt
1025 1482 1195 1556 statimque

192 1593 231 1653 ad
264 1595 424 1655 edendum
457 1601 559 1655 totum
588 1598 776 1672 scriptorem
809 1597 997 1670 decurrant3
1031 1600 1072 1658 ad
1101 1617 1195 1676 quern

191 1718 337 1787 «quoniam
366 1716 552 1789 paucissima
580 1731 720 1774 versae
748 1722 836 1774 certa
860 1717 1043 1788 conferunt,
1071 1720 1123 1778 ita
1142 1719 1195 1790 m,

192 1840 227 1891 ut
248 1847 433 1906 quae‘uoua
455 1841 506 1892 est
530 1833 643 1902 editio,
665 1853 725 1894 uon
750 1837 844 1894 modo
863 1838 930 1913 ipsa
954 1841 1034 1896 hona
1056 1856 1119 1898 nou
1141 1839 1194 1908 sit,

190 1953 246 2010 scd
269 1954 364 2013 etiam
382 1953 445 2014 alia
468 1956 548 2012 hona
571 1955 734 2026 quominus
759 1961 891 2030 paretur
913 1957 1076 2032 impediat.
1121 1957 1196 2027 Qua

190 2071 233 2128 de
256 2085 350 2130 eausa
373 2087 434 2144 ego
452 2088 533 2146 quae
550 2072 589 2130 ad
609 2071 833 2149 Thucydidem
847 2080 905 2134 aul
923 2075 1194 2151 interpretandum

191 2195 246 2250 aut
267 2191 496 2250 emendandum
519 2193 613 2249 halml
639 2199 674 2250 el
689 2209 769 2252 nova
790 2199 835 2262 et,
860 2197 894 2252 ut
912 2195 986 2252 inihi
1009 2196 1110 2254 visam
1133 2200 1195 2266 est,

190 2327 267 2368 vera
302 2314 358 2370 aut
394 2311 589 2382 verisimilia,
611 2311 720 2382 ‚malui
743 2312 788 2372 lta
822 2315 992 2387 separatim
1030 2329 1194 2390 exponere

190 2443 298 2488 eorum
327 2427 358 2488 in
387 2447 492 2502 usum,
523 2431 578 2505 qui
602 2429 771 2506 aliquando
794 2431 890 2505 digna
918 2435 1007 2493 lauto
1033 2436 1194 2520 scriptore

190 2567 288 2625 opera
319 2550 618 2626 praestantissimum
649 2549 847 2608 historiarum
886 2567 967 2627 onus
996 2553 1194 2611 emendatius

190 2657 224 2728 et
245 2669 439 2746 explicatius
461 2669 616 2730 efficient.
665 2665 780 2744 Neque
803 2669 886 2726 enirn
915 2670 1108 2730 credendum
1132 2676 1193 2743 est,

189 2790 250 2866 jam
273 2807 358 2848 nuuc
380 2787 434 2846 vel
455 2787 600 2847 Bekheri
624 2793 717 2848 acuta
748 2789 926 2862 sagacitate
954 2789 1006 2846 vel
1028 2785 1193 2864 Popnonis

189 2909 313 2968 assidua
336 2908 502 2982 diligentia
524 2908 576 2966 vel
599 2907 695 2966 variis
723 2907 855 2964 aliorum
878 2906 992 2965 studiis
1013 2907 1192 2981 perlectum

189 3043 279 3099 esse,
302 3033 338 3087 ut
360 3027 573 3105 Thucydides
594 3030 740 3100 quantum
765 3026 846 3084 aiios
867 3030 1041 3103 scriptores
1062 3025 1192 3098 ingenio

187 3154 346 3225 praestat,
376 3152 496 3206 tautum
519 3149 615 3206 etiam
642 3146 789 3203 viliorum
813 3146 1008 3203 immunitate
1030 3145 1192 3216 excellat3
1222 3177 1225 3192 ·
1292 3195 1295 3202 .

187 3283 290 3342 aquo
316 3267 444 3342 quidem
466 3267 565 3327 multo
582 3266 638 3324 ille
663 3267 790 3340 longius
811 3269 913 3336 alrest,
936 3282 1026 3340 quam
1045 3265 1190 3340 plerique

187 3389 343 3464 suspicari
364 3386 479 3446 solent.
523 3384 605 3445 Tale
628 3385 710 3443 enlm
735 3389 786 3442 est
804 3381 1009 3461 Thucydidis
1028 3383 1190 3440 scribendi

186 3523 304 3582 genus,
334 3511 370 3566 ut
392 3522 487 3579 quum
508 3506 572 3563 sint
598 3505 630 3563 in
654 3521 694 3561 co
715 3519 790 3562 sane
813 3501 897 3562 hauri
919 3520 1021 3578 nauca
1043 3507 1190 3574 obscura,

189 3625 360 3685 credantur
381 3632 484 3684 tamen
502 3636 573 3682 esse
593 3621 692 3682 multo
706 3622 801 3680 ctiam
824 3621 936 3708 plura3
958 3639 1041 3698 quac
1063 3623 1189 3696 quidem

186 3747 294 3820 opinio
325 3751 360 3803 et
390 3759 473 3824 yero
505 3745 573 3818 ipsu
603 3745 698 3802 etiam
732 3743 914 3800 reverentia
946 3744 1033 3800 tanto
1062 3742 1191 3816 ingenio

187 3863 296 3922 dehita
321 3865 354 3922 in
379 3875 473 3922 cansa
499 3861 597 3920 nosse
622 3863 768 3933 videtur,
795 3865 840 3919 ut.
859 3860 950 3919 multi
977 3859 1108 3920 mallent
1129 3877 1191 3920 uon

187 3983 355 4042 intellecta
382 3983 527 4041 admirari
551 3997 643 4056 quam
671 3981 843 4040 emendare
871 3981 995 4038 vitiosa.
1041 3975 1190 4038 Ceterum

188 4119 250 4176 ego
273 4120 321 4160 me
345 4110 380 4161 et
401 4121 419 4160 a
441 4103 667 4177 superstitione
687 4107 721 4159 et
741 4121 759 4160 a
780 4100 913 4158 licentia
931 4102 999 4177 pari
1021 4101 1190 4160 intervallo
