3010 4812
414 1371 415 1376 '
540 1389 1073 1522 oupurrrr.

305 1601 371 1686 De
390 1597 693 1675 emendationibus
712 1621 804 1696 quae
822 1596 909 1670 fiunt
929 1592 1134 1672 dirimendis
1155 1593 1306 1670 vocibus

595 1738 632 1808 et
656 1736 807 1807 accentu
832 1727 1011 1805 mutando.

305 2081 476 2186 Accede
503 2121 543 2180 uri
575 2135 632 2182 cos
660 2120 768 2192 iocos,
807 2121 861 2195 qui
890 2137 952 2180 nou
983 2118 1133 2180 videntur
1162 2124 1308 2179 constare

306 2243 401 2308 posse
435 2231 496 2290 nisi
527 2232 669 2304 cdlriipitu
698 2230 804 2304 aiiquu
836 2227 1014 2306 scripturae
1040 2231 1223 2292 mutatione.
1269 2228 1308 2289 iu

307 2357 370 2417 quo
391 2359 511 2417 genere
532 2344 586 2416 qui
607 2341 662 2400 vei
683 2341 817 2400 maxime
839 2339 983 2414 religiosi
1005 2345 1077 2400 sunt
1096 2343 1131 2398 et
1148 2341 1307 2399 invetere-

306 2457 411 2512 torum
431 2449 580 2510 vitiorour
601 2455 750 2520 tenaces,
784 2453 905 2510 tanturn
926 2454 1031 2508 tomen
1055 2449 1234 2508 concedere
1255 2464 1307 2507 so·

306 2561 394 2632 lent,
427 2565 464 2620 ut
494 2565 530 2619 et
557 2561 692 2620 vocibus
718 2557 906 2619 dirimendis
931 2562 967 2617 ct
996 2557 1145 2618 mutando
1171 2564 1308 2618 accentu

306 2671 434 2744 inrpuue
460 2667 563 2727 liceat
587 2671 629 2727 ub
651 2668 839 2744 scriptorum
861 2667 1012 2727 librorum
1033 2669 1225 2728 auctoritate
1245 2667 1309 2726 dis-

308 2778 447 2850 cerierc3
468 2781 662 2853 quapropter
673 2777 842 2838 doienduur
859 2793 935 2837 sune
946 2783 1008 2849 est,
1031 2777 1116 2851 quod
1132 2779 1188 2836 iiic
1201 2797 1309 2837 euren-

309 2888 406 2948 dsudi
437 2888 593 2948 modestis
622 2905 660 2948 rc
691 2888 823 2947 lenitate
853 2905 915 2948 uon
945 2887 1048 2946 omniu
1078 2889 1151 2946 toiii
1180 2898 1311 2964 possunt

308 3000 403 3070 vitis,
435 3005 531 3072 utque
556 2997 638 3056 odeo
665 3015 767 3072 peuce
793 2999 939 3068 tanturm·
964 3015 1033 3056 uum
1060 2997 1092 3056 in
1121 3000 1161 3057 iis
1182 3002 1310 3075 quidem

309 3108 530 3184 scriptoribus,
552 3108 605 3182 qui
628 3107 795 3168 uruitorunr
813 3107 878 3184 jem
896 3107 1010 3167 studiis
1025 3112 1211 3182 pertractati
1226 3116 1311 3184 sunt,

308 3218 394 3280 haud
422 3215 519 3277 iociie
546 3231 674 3291 usquam
703 3215 776 3276 tulis
798 3215 1025 3276 emendationis
1046 3217 1161 3279 relicte
1183 3224 1312 3283 occasio

312 3336 376 3402 est,
399 3335 433 3388 et
453 3343 531 3387 vero
554 3326 637 3402 apud
661 3323 886 3406 Thucydidem
909 3341 971 3386 non
992 3330 1054 3386 tenu
1077 3328 1249 3390 mirandum
1270 3321 1314 3394 sit

310 3438 395 3514 quori
418 3455 520 3514 peuce
542 3453 633 3511 quenr
655 3433 739 3510 quod
763 3434 867 3508 ulique
886 3441 975 3495 certe
994 3437 1149 3514 ejusmodi
1163 3442 1313 3518 exemplu

310 3547 450 3624 repperi.
495 3546 581 3615 Quid
610 3539 716 3608 enimi
747 3545 780 3602 in
807 3547 915 3603 vernis
940 3545 1006 3605 iilis
1026 3544 1112 3609 Irib.
1134 3545 1202 3620 111,
1230 3567 1312 3626 cap.

312 3653 364 3716 43.
385 3644 451 3734 Χρὴ
474 3644 510 3714 δὲ
529 3644 606 3733 πρὸς
626 3645 666 3715 cd
688 3645 830 3734 μέγιστα
851 3645 909 3714 καὶ
929 3649 964 3714 ἓν
985 3649 1030 3732 τῷ
1046 3649 1158 3731 τοιῷδε
1171 3650 1314 3734 dicundum

310 3757 397 3848 ἡμᾶς
416 3755 589 3843 περαιτέρω
607 3758 822 3842 προνοοῦντας
838 3755 945 3844 λέγειν
965 3758 1059 3846 ὑμῶν
1073 3759 1136 3824 τῶν
1146 3758 1185 3826 δι’
1199 3757 1314 3850 ὀλίγου

313 3861 529 3936 σκοπούντων.
564 3891 668 3933 nonne
697 3875 870 3934 rniroudurn
897 3882 963 3947 cst,
999 3875 1086 3949 quod
1111 3895 1205 3937 ncuro
1230 3855 1315 3942 vion

313 3985 514 4047 scribendum
543 3998 613 4044 esse
641 3975 809 4060 ἀξιοῦντι
837 3984 991 4061 sejunctis
1016 3986 1169 4045 vocioost
1211 3985 1259 4050 At
1279 3992 1314 4051 id

313 4102 419 4157 terren
448 4099 480 4156 et
507 4097 628 4154 centurn
657 4099 707 4153 cst
733 4098 767 4154 et
787 4093 1002 4166 nusuiiestunr3
1038 4097 1186 4158 vitiosum
1207 4105 1313 4162 eutero

314 4221 385 4266 esse
407 4205 492 4280 quod
513 4221 597 4266 nunc
619 4203 769 4264 scribitur
790 4195 943 4280 ἀξιοῦντι,
964 4221 1004 4270 ue
1029 4205 1230 4290 ricipsojuru
1244 4211 1315 4288 ejus
