3010 4812
587 395 798 462 ...37-

190 571 280 632 rocis
308 567 542 644 significatione
569 568 689 638 dicam,
724 571 850 643 poterat
873 568 997 630 duobus
1016 569 1119 631 modis
1139 571 1187 632 in·

190 681 316 757 telligi,
351 681 483 756 primunr
515 680 601 754 quod
632 667 667 738 rei
699 665 821 737 τοιόνδε
849 670 962 756 ἀξιοῦν
988 699 1065 758 non
1083 686 1190 758 potest

65 807 72 826 ·
190 793 270 867 dici,
292 807 477 866 quamquam
497 790 532 848 id
556 805 683 864 quoquc
703 801 819 848 novum
839 789 1073 867 videturesse,
1096 791 1186 852 dein·

191 902 233 961 de
260 900 344 976 quod
370 893 405 958 ἐν
431 891 476 976 τῷ
495 891 608 975 τοιῷδε
633 899 682 960 sic
710 914 823 975 perse
848 899 1048 960 intellectum
1068 900 1189 976 legitur

190 1010 462 1088 frequentissime,
492 1026 624 1085 quorum
652 1012 818 1082 utrumque
845 1025 928 1068 nunc
957 1009 1187 1072 demonstrabo.

189 1121 241 1184 Ac
263 1122 303 1181 de
326 1120 529 1192 grammatica
551 1110 679 1194 quidem
700 1120 824 1178 ratione
845 1117 999 1180 formulae
1020 1115 1056 1180 ἐν
1069 1114 1114 1197 τῷ
1131 1141 1189 1180 ror-

144 1215 149 1232 ’
190 1225 254 1309 (fide
273 1221 419 1311 ¹otgrodnru
443 1229 522 1288 nihil
543 1229 690 1289 dubitant
710 1229 919 1307 interpretcs;
950 1249 1013 1291 nou
1034 1231 1119 1290 enlm
1138 1232 1189 1290 in·

190 1342 356 1416 telligunt,
396 1338 599 1398 intercedere
634 1338 757 1414 aliquid
791 1339 982 1402 discriminis
1013 1340 1099 1400 inter
1125 1341 1188 1400 boe

106 1527 112 1538 ·
191 1449 373 1526 exemplum
413 1454 448 1510 et
476 1468 517 1508 ea
548 1449 647 1510 multa
673 1451 932 1527 participiorum,
966 1467 1048 1526 quae
1074 1456 1190 1511 neutro

144 1641 149 1646 Π
190 1578 310 1638 genere
335 1573 392 1635 pro
413 1560 617 1621 substantivis
637 1559 830 1637 portoient,
853 1558 895 1618 dc
913 1559 1191 1635 quibusdixeruut
1220 1559 1225 1568 '

190 1671 301 1733 ltlattlr.
326 1667 384 1728 Gr.
407 1685 456 1742 gr.
480 1663 599 1745 5271,
621 1664 692 1727 ΕΛ).
714 1667 889 1730 Bernhard.
912 1665 1007 1745 Synt.
1028 1688 1100 1747 pag.
1114 1664 1189 1730 327.

189 1780 304 1858 Poppo
324 1777 477 1853 Prolegg.
499 1776 525 1838 l.
549 1795 621 1853 pag.
638 1773 698 1835 100
734 1777 869 1839 Blooml'.
891 1779 932 1837 ad
949 1771 1103 1857 Thucyd.
1125 1777 1191 1853 111,

193 1903 262 1966 cap.
287 1885 337 1950 10.
365 1895 399 1948 et
420 1888 485 1950 alii.
527 1885 656 1947 Nullum
678 1894 782 1948 autem
802 1889 890 1948 iuter
910 1906 951 1949 ea
971 1889 1036 1949 tale
1059 1897 1125 1962 est,
1155 1895 1192 1950 ut

191 1999 362 2087 participio
389 1998 531 2057 additum
558 1999 601 2056 sit
628 2014 742 2057 nomen
768 1997 898 2072 aliquod
919 1999 973 2056 vel
997 1999 1192 2074 adjectivum

191 2110 245 2168 vel
274 2107 429 2184 adjectivi
455 2107 596 2181 speciem
624 2107 753 2172 babens.
799 2107 901 2176 Quane
929 2106 996 2172 rena
1017 2109 1192 2168 verendum

192 2223 243 2278 est
265 2237 305 2277 ne
327 2218 418 2276 niuris
439 2216 541 2275 levem
563 2221 677 2292 potent
698 2219 893 2307 grammatici
914 2234 953 2277 ac
976 2233 1067 2278 casus
1087 2220 1193 2294 potins

192 2329 365 2389 temeritati
386 2330 527 2388 tribuant
548 2343 639 2401 quam
663 2333 771 2386 certae
793 2329 925 2399 ratioui3
952 2328 1034 2387 licet
1055 2331 1193 2404 euimju
1231 2391 1233 2398 ,

141 2517 144 2528 Α
192 2437 249 2496 tali
284 2454 319 2496 re
347 2439 470 2496 niuriam
498 2436 651 2511 quandam
681 2455 755 2498 usos
781 2437 970 2498 observandi
995 2437 1193 2512 diligentiam

193 2548 390 2619 calnrnniari3
427 2549 508 2606 licet
528 2547 648 2622 aliquid
669 2563 798 2623 sperare
819 2547 862 2606 de
883 2547 1036 2624 exemplis
1056 2548 1195 2610 nondona
1267 2607 1276 2632 Ι

192 2658 344 2733 repertis,
377 2663 474 2734 atquc
501 2657 582 2729 adeo
609 2664 684 2718 sunt
708 2660 805 2718 etiam
826 2659 880 2733 qui
902 2659 1031 2720 soleant
1050 2659 1195 2735 perditos

193 2771 367 2853 scriptores
388 2769 503 2829 multos
526 2771 729 2844 praetexere.
773 2765 804 2830 A
825 2772 939 2842 quibos
960 2769 1103 2829 omnibus
1125 2787 1195 2830 mea

193 2878 402 2937 vellerueoter
429 2878 589 2953 discrepat
615 2878 732 2953 opinio.
783 2874 855 2936 Non
885 2878 968 2938 eninr
994 2895 1079 2951 nego
1100 2893 1193 2954 posse

194 2987 328 3062 aliquam
350 2988 475 3046 niuriam
495 2991 529 3048 in
551 2989 614 3047 laoc
636 3003 756 3063 genere
778 2987 976 3059 diligentium
999 2999 1085 3070 esse3
1108 2987 1192 3048 idem

194 3104 298 3158 bmen
319 3098 399 3156 illud
421 3115 547 3173 quoque
568 3097 728 3174 intelligo,
748 3098 776 3156 si
799 3097 924 3172 quaudo
947 3097 1073 3159 collatis
1087 3097 1195 3158 multis

194 3208 247 3266 vel
268 3209 412 3268 omnibus
433 3209 589 3283 exemplis
609 3209 686 3267 setis
706 3206 952 3268 demonstratum
974 3206 1088 3280 luerit,
1116 3225 1193 3270 cou-
1239 3235 1241 3240 ·

195 3318 291 3376 lineri
318 3317 455 3391 aliquem
484 3335 570 3378 usuru
602 3318 700 3378 certis
727 3317 912 3392 quibusdam
938 3318 1072 3392 linibus,
1111 3317 1195 3376 ultra

195 3443 273 3502 quos
296 3428 351 3486 ille
374 3445 435 3488 uon
463 3429 632 3504 pertineat,
654 3445 715 3486 non
737 3427 856 3488 debere
876 3443 946 3484 eam
964 3441 1039 3486 usus
1057 3429 1194 3486 circurn-

163 3579 172 3596 .
194 3539 398 3613 scriptionem
425 3555 533 3596 vanam
561 3536 784 3612 fortuitamqoe
813 3536 935 3608 videri,
964 3538 1105 3611 quamvis
1123 3537 1196 3613 ejus

196 3649 376 3723 probabiles
399 3663 513 3708 causae
534 3647 670 3723 reperiri
693 3651 859 3721 nequeant.
908 3645 947 3706 ld
970 3647 1054 3706 enirn
1069 3647 1195 3723 quando

197 3759 327 3830 accidit,
349 3776 410 3820 non
433 3773 507 3818 usus
527 3758 689 3816 tenueritas
701 3757 757 3816 sed
777 3763 882 3818 nostra
900 3757 1005 3833 potius
1017 3756 1196 3819 accusanda

197 3873 246 3924 est
268 3869 433 3940 debilitas,
462 3869 515 3944 qul
539 3885 620 3942 quae
643 3882 757 3926 causae
779 3882 867 3926 usum
889 3870 1049 3937 rexerint,
1076 3866 1196 3928 sentire

196 3993 259 4034 non
286 3981 456 4053 possiurus3
494 3978 607 4038 deesse
636 3977 719 4036 enim
748 3993 858 4038 causas
885 3978 1075 4052 legibusque
1103 3974 1196 4050 plane

196 4087 370 4148 arbitrariis
395 4093 431 4149 et
460 4093 501 4148 ab
527 4090 650 4149 ratione
676 4088 790 4148 alienis
820 4103 908 4148 usum
937 4085 1093 4148 contineri
1113 4084 1197 4146 baud

197 4196 295 4256 facile
332 4215 464 4274 uuquam
499 4199 721 4261 concesserim.
787 4197 999 4268 Quamobrem
1029 4196 1092 4256 eisl
1121 4195 1198 4254 setis
