3010 4812
557 1227 1069 1361 copurrv.

314 1439 375 1517 De
413 1436 718 1520 emendationibus
755 1461 848 1536 queo
884 1437 971 1512 fiunt
1006 1435 1156 1512 vooihos
1193 1443 1312 1513 trans-

718 1571 907 1670 ponendis

712 1775 913 1786 -———-·-—-

311 1921 460 2031 Nescio
488 1980 551 2038 quo
579 1979 651 2022 meo
678 1961 746 2023 foto
773 1980 876 2037 qrrove
904 1967 1034 2022 naturae
1063 1963 1116 2020 vel
1143 1964 1229 2020 vicio
1256 1965 1310 2021 vei

312 2076 470 2159 beneflcio
498 2076 630 2132 evenire
658 2075 735 2132 mihi
764 2080 915 2145 statuam,
954 2074 1039 2148 quod
1066 2073 1150 2132 haud
1180 2089 1251 2132 raro
1278 2075 1309 2132 in

312 2201 368 2245 ees
392 2185 502 2245 incido
523 2184 779 2256 emendationes,
812 2201 894 2258 qnae
917 2183 1157 2261 transponendis
1177 2184 1311 2242 vocibus

311 2299 402 2357 finnt.
446 2293 540 2363 Quod
572 2311 674 2368 genus
699 2310 881 2369 quamquam
908 2311 1011 2368 neque
1033 2293 1209 2376 praecipuo
1230 2309 1310 2367 quo·

312 2407 383 2466 dem
403 2405 512 2464 studio
533 2404 699 2479 amplexus
721 2419 787 2462 snm
810 2419 914 2478 neque
938 2421 1056 2478 quaero
1078 2404 1120 2461 de
1141 2403 1309 2477 industria,

311 2521 417 2574 temen
441 2515 570 2588 reperio
597 2518 632 2572 et
659 2513 810 2572 facillime
836 2519 870 2572 et
897 2512 1030 2573 fortasse
1048 2514 1138 2590 justo
1160 2511 1314 2597 frequen--

311 2629 384 2684 tius
436 2621 504 2682 Sed
531 2627 635 2680 tamen
668 2638 745 2695 qnos
770 2622 875 2680 adhoc
903 2622 1033 2710 publice
1062 2626 1212 2708 proposui
1239 2622 1308 2697 ejns

309 2734 438 2806 generis
465 2732 720 2808 emendationes,
760 2750 867 2792 earum
895 2732 1030 2792 nondum
1058 2733 1232 2819 poenituit,
1269 2750 1308 2790 oc

308 2844 405 2908 video
427 2844 523 2904 etiem
544 2845 813 2918 vehementerque
836 2843 961 2916 gaudeo
983 2857 1036 2899 ens
1057 2843 1200 2916 quidem,
1227 2859 1309 2916 qnae

309 2956 350 3014 ad
371 2954 535 3030 Vellejnm
559 2952 763 3012 Paterculum
785 2954 996 3028 pertinebant,
1031 2956 1248 3028 comprobatos
1269 2970 1308 3010 ec

308 3069 458 3140 receptas
479 3080 563 3124 nnnc
586 3079 657 3122 esse
677 3084 697 3122 n
717 3061 848 3122 Kritzio
870 3064 939 3121 viro
962 3062 1146 3122 doctissimo
1167 3064 1307 3136 mihique

307 3173 514 3244 ennicissinro,
553 3173 608 3248 qui
635 3190 737 3248 nuper
763 3171 928 3247 Veiiejnm
956 3175 1088 3247 egregie
1116 3174 1308 3248 perpolitum

219 3295 222 3304 '
307 3282 422 3342 edidit.
471 3280 539 3341 Sed
573 3299 665 3358 qorrm
692 3284 724 3342 in
752 3282 877 3341 edendo
907 3279 1128 3358 Xenophontis
1153 3283 1236 3341 lihro
1267 3284 1307 3340 de

306 3389 393 3466 Rep.
415 3389 558 3456 Loeedd.
588 3409 648 3452 sex
676 3393 756 3451 iocis
784 3393 1026 3468 transpositione
1049 3393 1200 3451 utendum
1217 3393 1306 3469 jndi-

205 3573 211 3584 ι
307 3517 440 3571 cessem,
461 3502 546 3562 idern
569 3508 672 3562 tamen
696 3504 727 3561 in
750 3504 814 3560 aiio
835 3503 908 3560 loco
933 3502 1129 3562 falsissimam
1152 3504 1306 3576 qnondam

305 3608 448 3671 Weiskii
485 3618 520 3671 et
551 3611 743 3672 Schneideri
779 3613 1053 3688 transpositionem
1084 3625 1203 3671 sommo
1230 3614 1306 3689 jore

305 3725 542 3796 improbassem,
564 3722 701 3782 ridiculo
722 3738 798 3781 sene
811 3739 864 3780 res
883 3722 1014 3792 occidit,
1039 3727 1075 3780 nt
1093 3721 1187 3796 isqui
1203 3741 1307 3799 nuper
1421 3781 1425 3800 ,

304 3830 588 3892 Schneiderionnm
609 3833 782 3893 editionem
804 3832 967 3908 repetivit,
990 3833 1131 3890 oratione
1148 3832 1178 3888 in
1197 3833 1306 3893 edmo-

306 3942 410 4000 nentis
432 3941 621 4014 gravitatem
645 3945 821 4018 composite
842 3942 1008 4002 occineret
1028 3940 1103 3998 mihi
1122 3939 1213 4001 illude
1236 3947 1307 4019 quis

305 4052 418 4111 tulerit
440 4049 605 4110 Gracchos
635 4053 676 4111 de
698 4052 856 4112 seditione
877 4053 1064 4126 loquentes,
1095 4058 1191 4126 atque
1214 4060 1303 4130 quasi
1403 4076 1408 4091 ·

305 4163 337 4221 in
366 4179 437 4221 meo
464 4162 571 4257 eapite
597 4161 639 4220 dn
668 4163 807 4224 universi
835 4163 993 4222 hominum
1019 4162 1147 4238 generis
1168 4166 1307 4226 moribus
