<?xml version="1.0" encoding="UTF-8"?>
<!DOCTYPE html PUBLIC "-//W3C//DTD XHTML 1.0 Transitional//EN"
    "http://www.w3.org/TR/xhtml1/DTD/xhtml1-transitional.dtd">
<html xmlns="http://www.w3.org/1999/xhtml" xml:lang="en" lang="en">
 <head>
  <title>
</title>
<meta http-equiv="Content-Type" content="text/html;charset=utf-8" />
  <meta name='ocr-system' content='tesseract 3.04.00' />
  <meta name='ocr-capabilities' content='ocr_page ocr_carea ocr_par ocr_line ocrx_word'/>
</head>
<body>
  <div class='ocr_page' id='page_1' title='image "./frhaasiilucubra00haasgoog_0103.png"; bbox 0 0 3012 4796; ppageno 0'>
   <div class='ocr_carea' id='block_1_1' title="bbox 701 395 915 460">
    <p class='ocr_par' dir='ltr' id='par_1_1' title="bbox 701 395 915 460">
     <span class='ocr_line' id='line_1_1' title="bbox 701 395 915 460; baseline 0 -20"><span class='ocrx_word' id='word_1_1' title='bbox 701 395 915 460; x_wconf 75' lang='grc'>..88-</span> 
     </span>
    </p>
   </div>
   <div class='ocr_carea' id='block_1_2' title="bbox 274 565 1322 1303">
    <p class='ocr_par' dir='ltr' id='par_1_2' title="bbox 274 565 1322 1303">
     <span class='ocr_line' id='line_1_2' title="bbox 315 565 1317 654; baseline 0.004 -29"><span class='ocrx_word' id='word_1_2' title='bbox 315 565 506 625; x_wconf 85' lang='lat' dir='ltr'><strong>secundus</strong></span> <span class='ocrx_word' id='word_1_3' title='bbox 522 582 584 625; x_wconf 89' lang='lat' dir='ltr'><strong>res</strong></span> <span class='ocrx_word' id='word_1_4' title='bbox 600 567 706 626; x_wconf 90' lang='lat' dir='ltr'><strong>iuter</strong></span> <span class='ocrx_word' id='word_1_5' title='bbox 723 568 899 641; x_wconf 75' lang='lat' dir='ltr'><strong>ambiguo</strong></span> <span class='ocrx_word' id='word_1_6' title='bbox 918 571 1005 626; x_wconf 85' lang='lat' dir='ltr'><strong>tuto</strong></span> <span class='ocrx_word' id='word_1_7' title='bbox 1022 575 1181 654; x_wconf 89' lang='lat' dir='ltr'><strong>ponunt,</strong></span> <span class='ocrx_word' id='word_1_8' title='bbox 1199 567 1317 628; x_wconf 89' lang='lat' dir='ltr'><strong>iidem</strong></span> 
     </span>
     <span class='ocr_line' id='line_1_3' title="bbox 316 676 1318 754; baseline 0.002 -19"><span class='ocrx_word' id='word_1_9' title='bbox 316 676 433 736; x_wconf 79' lang='lat' dir='ltr'><strong>etiem</strong></span> <span class='ocrx_word' id='word_1_10' title='bbox 462 677 640 736; x_wconf 75' lang='lat' dir='ltr'><strong>adversis</strong></span> <span class='ocrx_word' id='word_1_11' title='bbox 662 678 910 754; x_wconf 70' lang='lat' dir='ltr'><strong>,prudentius</strong></span> <span class='ocrx_word' id='word_1_12' title='bbox 939 685 1164 751; x_wconf 77' lang='lat' dir='ltr'><strong>occurrant3</strong></span> <span class='ocrx_word' id='word_1_13' title='bbox 1203 684 1242 739; x_wconf 82' lang='lat' dir='ltr'><strong>ei</strong></span> <span class='ocrx_word' id='word_1_14' title='bbox 1271 680 1318 737; x_wconf 90' lang='lat' dir='ltr'><strong>de</strong></span> 
     </span>
     <span class='ocr_line' id='line_1_4' title="bbox 318 777 1318 862; baseline 0.004 -18"><span class='ocrx_word' id='word_1_15' title='bbox 318 786 425 845; x_wconf 84' lang='lat' dir='ltr'><strong>bello</strong></span> <span class='ocrx_word' id='word_1_16' title='bbox 460 787 523 862; x_wconf 90' lang='lat' dir='ltr'><strong>qui</strong></span> <span class='ocrx_word' id='word_1_17' title='bbox 558 787 881 846; x_wconf 75' lang='lat' dir='ltr'><strong>existimaverint</strong></span> <span class='ocrx_word' id='word_1_18' title='bbox 909 806 982 847; x_wconf 93' lang='lat' dir='ltr'><strong>uon</strong></span> <span class='ocrx_word' id='word_1_19' title='bbox 1017 789 1054 846; x_wconf 91' lang='lat' dir='ltr'><strong>in</strong></span> <span class='ocrx_word' id='word_1_20' title='bbox 1085 777 1246 862; x_wconf 81' lang='lat' dir='ltr'><strong>tuntum,</strong></span> <span class='ocrx_word' id='word_1_21' title='bbox 1281 792 1318 848; x_wconf 95' lang='lat' dir='ltr'><strong>in</strong></span> 
     </span>
     <span class='ocr_line' id='line_1_5' title="bbox 318 897 1319 974; baseline 0.001 -18"><span class='ocrx_word' id='word_1_22' title='bbox 318 905 497 972; x_wconf 80' lang='lat' dir='ltr'><strong>quantum</strong></span> <span class='ocrx_word' id='word_1_23' title='bbox 524 899 610 970; x_wconf 87' lang='lat' dir='ltr'><strong>quis</strong></span> <span class='ocrx_word' id='word_1_24' title='bbox 638 897 675 954; x_wconf 94' lang='lat' dir='ltr'><strong>id</strong></span> <span class='ocrx_word' id='word_1_25' title='bbox 703 902 877 957; x_wconf 76' lang='lat' dir='ltr'><strong>tractare</strong></span> <span class='ocrx_word' id='word_1_26' title='bbox 905 899 1022 969; x_wconf 70' lang='lat' dir='ltr'><strong>coiit,</strong></span> <span class='ocrx_word' id='word_1_27' title='bbox 1054 915 1095 956; x_wconf 88' lang='lat' dir='ltr'><strong>se</strong></span> <span class='ocrx_word' id='word_1_28' title='bbox 1123 917 1166 957; x_wconf 93' lang='lat' dir='ltr'><strong>eo</strong></span> <span class='ocrx_word' id='word_1_29' title='bbox 1192 899 1319 974; x_wconf 90' lang='lat' dir='ltr'><strong>impli-</strong></span> 
     </span>
     <span class='ocr_line' id='line_1_6' title="bbox 320 979 1319 1092; baseline 0.001 -27"><span class='ocrx_word' id='word_1_30' title='bbox 320 1007 422 1083; x_wconf 77' lang='lat' dir='ltr'><strong>cari,</strong></span> <span class='ocrx_word' id='word_1_31' title='bbox 444 1007 649 1092; x_wconf 37' lang='lat' dir='ltr'><strong>sed&#39;prout</strong></span> <span class='ocrx_word' id='word_1_32' title='bbox 672 1008 853 1068; x_wconf 75' lang='lat' dir='ltr'><strong>fortunae</strong></span> <span class='ocrx_word' id='word_1_33' title='bbox 873 1021 984 1067; x_wconf 81' lang='lat' dir='ltr'><strong>casus</strong></span> <span class='ocrx_word' id='word_1_34' title='bbox 1001 979 1076 1067; x_wconf 51' lang='lat' dir='ltr'><strong>si&#39;ot</strong></span> <span class='ocrx_word' id='word_1_35' title='bbox 1099 1009 1217 1068; x_wconf 88' lang='lat' dir='ltr'><strong>duces</strong></span> <span class='ocrx_word' id='word_1_36' title='bbox 1238 1008 1319 1067; x_wconf 79' lang='lat' dir='ltr'><strong>ioe-</strong></span> 
     </span>
     <span class='ocr_line' id='line_1_7' title="bbox 320 1117 1321 1192; baseline 0.001 -17"><span class='ocrx_word' id='word_1_37' title='bbox 320 1121 417 1190; x_wconf 89' lang='lat' dir='ltr'><strong>rint‚</strong></span> <span class='ocrx_word' id='word_1_38' title='bbox 445 1117 546 1178; x_wconf 76' lang='lat' dir='ltr'><strong>teies</strong></span> <span class='ocrx_word' id='word_1_39' title='bbox 567 1117 643 1175; x_wconf 84' lang='lat' dir='ltr'><strong>viri</strong></span> <span class='ocrx_word' id='word_1_40' title='bbox 666 1117 799 1188; x_wconf 79' lang='lat' dir='ltr'><strong>etiem,</strong></span> <span class='ocrx_word' id='word_1_41' title='bbox 827 1119 915 1192; x_wconf 76' lang='lat' dir='ltr'><strong>quiin</strong></span> <span class='ocrx_word' id='word_1_42' title='bbox 937 1117 1044 1176; x_wconf 75' lang='lat' dir='ltr'><strong>nuile</strong></span> <span class='ocrx_word' id='word_1_43' title='bbox 1070 1134 1196 1177; x_wconf 87' lang='lat' dir='ltr'><strong>rernm</strong></span> <span class='ocrx_word' id='word_1_44' title='bbox 1224 1122 1321 1178; x_wconf 87' lang='lat' dir='ltr'><strong>bene</strong></span> 
     </span>
     <span class='ocr_line' id='line_1_8' title="bbox 274 1224 1322 1303; baseline 0 -17"><span class='ocrx_word' id='word_1_45' title='bbox 274 1264 277 1276; x_wconf 70' lang='lat'>‚</span> <span class='ocrx_word' id='word_1_46' title='bbox 321 1234 515 1303; x_wconf 80' lang='lat' dir='ltr'><strong>gestorum</strong></span> <span class='ocrx_word' id='word_1_47' title='bbox 536 1224 688 1286; x_wconf 77' lang='lat' dir='ltr'><strong>fiducia</strong></span> <span class='ocrx_word' id='word_1_48' title='bbox 705 1226 803 1286; x_wconf 79' lang='lat' dir='ltr'><strong>elati</strong></span> <span class='ocrx_word' id='word_1_49' title='bbox 820 1229 971 1287; x_wconf 87' lang='lat' dir='ltr'><strong>minime</strong></span> <span class='ocrx_word' id='word_1_50' title='bbox 990 1243 1106 1303; x_wconf 78' lang='lat' dir='ltr'><strong>saepe</strong></span> <span class='ocrx_word' id='word_1_51' title='bbox 1125 1226 1322 1297; x_wconf 77' lang='lat' dir='ltr'><strong>loitoutur,</strong></span> 
     </span>
    </p>
   </div>
   <div class='ocr_carea' id='block_1_3' title="bbox 221 1334 1320 1431">
    <p class='ocr_par' dir='ltr' id='par_1_3' title="bbox 221 1334 1320 1431">
     <span class='ocr_line' id='line_1_9' title="bbox 221 1334 1320 1431; baseline -0.002 -33"><span class='ocrx_word' id='word_1_52' title='bbox 221 1416 227 1428; x_wconf 59' lang='lat'><em>„</em></span> <span class='ocrx_word' id='word_1_53' title='bbox 321 1343 359 1398; x_wconf 94' lang='lat' dir='ltr'><strong>in</strong></span> <span class='ocrx_word' id='word_1_54' title='bbox 378 1335 536 1414; x_wconf 86' lang='lat' dir='ltr'><strong>optimis</strong></span> <span class='ocrx_word' id='word_1_55' title='bbox 557 1334 784 1410; x_wconf 85' lang='lat' dir='ltr'><strong>pierumque</strong></span> <span class='ocrx_word' id='word_1_56' title='bbox 814 1340 930 1396; x_wconf 84' lang='lat' dir='ltr'><strong>rebus</strong></span> <span class='ocrx_word' id='word_1_57' title='bbox 951 1337 1032 1396; x_wconf 89' lang='lat' dir='ltr'><strong>sois</strong></span> <span class='ocrx_word' id='word_1_58' title='bbox 1059 1336 1202 1431; x_wconf 78' lang='lat' dir='ltr'><strong>beilum</strong></span> <span class='ocrx_word' id='word_1_59' title='bbox 1226 1357 1320 1396; x_wconf 91' lang='lat' dir='ltr'><strong>com·</strong></span> 
     </span>
    </p>
   </div>
   <div class='ocr_carea' id='block_1_4' title="bbox 319 1450 1324 2183">
    <p class='ocr_par' dir='ltr' id='par_1_4' title="bbox 322 1450 474 1527">
     <span class='ocr_line' id='line_1_10' title="bbox 322 1450 474 1527; baseline -0.027 -19"><span class='ocrx_word' id='word_1_60' title='bbox 322 1450 474 1527; x_wconf 85' lang='lat' dir='ltr'><strong>ponent</strong></span> 
     </span>
    </p>

    <p class='ocr_par' dir='ltr' id='par_1_5' title="bbox 319 1543 1324 2183">
     <span class='ocr_line' id='line_1_11' title="bbox 405 1543 1322 1645; baseline -0.007 -24"><span class='ocrx_word' id='word_1_61' title='bbox 405 1548 515 1621; x_wconf 80' lang='lat' dir='ltr'><strong>Idb</strong></span> <span class='ocrx_word' id='word_1_62' title='bbox 535 1547 591 1645; x_wconf 59' lang='grc' dir='ltr'><strong>Ψ,</strong></span> <span class='ocrx_word' id='word_1_63' title='bbox 613 1564 721 1634; x_wconf 68' lang='lat'><strong>081)</strong></span> <span class='ocrx_word' id='word_1_64' title='bbox 742 1549 819 1618; x_wconf 72' lang='lat'><strong>81</strong></span> <span class='ocrx_word' id='word_1_65' title='bbox 846 1543 923 1633; x_wconf 74' lang='grc' dir='ltr'><strong>προς</strong></span> <span class='ocrx_word' id='word_1_66' title='bbox 943 1543 997 1614; x_wconf 70' lang='grc' dir='ltr'><strong>τὸν</strong></span> <span class='ocrx_word' id='word_1_67' title='bbox 1019 1549 1073 1635; x_wconf 68' lang='lat' dir='ltr'><strong>dep</strong></span> <span class='ocrx_word' id='word_1_68' title='bbox 1074 1575 1121 1614; x_wconf 78' lang='lat' dir='ltr'><strong>tou</strong></span> <span class='ocrx_word' id='word_1_69' title='bbox 1143 1577 1182 1614; x_wconf 89' lang='grc' dir='ltr'><strong>ου</strong></span> <span class='ocrx_word' id='word_1_70' title='bbox 1203 1576 1322 1636; x_wconf 77' lang='grc' dir='ltr'>προση-</span> 
     </span>
     <span class='ocr_line' id='line_1_12' title="bbox 321 1650 1323 1748; baseline 0.001 -23"><span class='ocrx_word' id='word_1_71' title='bbox 321 1656 541 1748; x_wconf 52' lang='lat' dir='ltr'><strong>poppitoviop‘</strong></span> <span class='ocrx_word' id='word_1_72' title='bbox 513 1685 615 1734; x_wconf 76' lang='grc' dir='ltr'><strong>ιενους</strong></span> <span class='ocrx_word' id='word_1_73' title='bbox 629 1683 830 1744; x_wconf 71' lang='grc' dir='ltr'><em>χρηματισαι</em></span> <span class='ocrx_word' id='word_1_74' title='bbox 846 1654 917 1743; x_wconf 74' lang='grc' dir='ltr'><strong>πρὶν</strong></span> <span class='ocrx_word' id='word_1_75' title='bbox 928 1688 946 1740; x_wconf 86' lang='grc' dir='ltr'><strong>η</strong></span> <span class='ocrx_word' id='word_1_76' title='bbox 934 1650 1119 1740; x_wconf 74' lang='grc' dir='ltr'><strong><em>Μαντινης</em></strong></span> <span class='ocrx_word' id='word_1_77' title='bbox 1131 1687 1189 1725; x_wconf 82' lang='grc' dir='ltr'><strong>και</strong></span> <span class='ocrx_word' id='word_1_78' title='bbox 1201 1651 1323 1746; x_wconf 52' lang='lat' dir='ltr'><strong>mter,</strong></span> 
     </span>
     <span class='ocr_line' id='line_1_13' title="bbox 319 1763 1324 1856; baseline 0.001 -20"><span class='ocrx_word' id='word_1_79' title='bbox 319 1799 367 1836; x_wconf 77' lang='lat' dir='ltr'><strong>err</strong></span> <span class='ocrx_word' id='word_1_80' title='bbox 401 1765 470 1856; x_wconf 70' lang='grc' dir='ltr'><strong>γὰρ</strong></span> <span class='ocrx_word' id='word_1_81' title='bbox 502 1767 670 1852; x_wconf 71' lang='grc' dir='ltr'>παρῆσαν,</span> <span class='ocrx_word' id='word_1_82' title='bbox 706 1763 971 1855; x_wconf 69' lang='lat' dir='ltr'><strong>xarnuayxocootu</strong></span> <span class='ocrx_word' id='word_1_83' title='bbox 1004 1770 1157 1854; x_wconf 79' lang='grc' dir='ltr'><strong>δεόμενοι.</strong></span> <span class='ocrx_word' id='word_1_84' title='bbox 1211 1772 1324 1837; x_wconf 82' lang='lat' dir='ltr'>Recte</span> 
     </span>
     <span class='ocr_line' id='line_1_14' title="bbox 322 1871 1324 1963; baseline 0 -16"><span class='ocrx_word' id='word_1_85' title='bbox 322 1886 506 1948; x_wconf 86' lang='lat' dir='ltr'><strong>Dindoriius</strong></span> <span class='ocrx_word' id='word_1_86' title='bbox 526 1871 548 1959; x_wconf 69' lang='grc' dir='ltr'>ἤ</span> <span class='ocrx_word' id='word_1_87' title='bbox 568 1886 755 1961; x_wconf 80' lang='lat' dir='ltr'><strong>porticulum</strong></span> <span class='ocrx_word' id='word_1_88' title='bbox 777 1888 809 1945; x_wconf 94' lang='lat' dir='ltr'><strong>in</strong></span> <span class='ocrx_word' id='word_1_89' title='bbox 830 1888 1043 1963; x_wconf 80' lang='lat' dir='ltr'><strong>suspicionem</strong></span> <span class='ocrx_word' id='word_1_90' title='bbox 1065 1887 1210 1958; x_wconf 82' lang='lat' dir='ltr'><strong>vocavit,</strong></span> <span class='ocrx_word' id='word_1_91' title='bbox 1241 1904 1324 1961; x_wconf 74' lang='lat' dir='ltr'><strong>quac</strong></span> 
     </span>
     <span class='ocr_line' id='line_1_15' title="bbox 322 1993 1324 2073; baseline 0 -16"><span class='ocrx_word' id='word_1_92' title='bbox 322 2015 428 2072; x_wconf 85' lang='lat' dir='ltr'><strong>neque</strong></span> <span class='ocrx_word' id='word_1_93' title='bbox 450 1997 534 2072; x_wconf 81' lang='lat' dir='ltr'><strong>opud</strong></span> <span class='ocrx_word' id='word_1_94' title='bbox 550 1993 776 2073; x_wconf 77' lang='lat' dir='ltr'><strong>Thucydidem</strong></span> <span class='ocrx_word' id='word_1_95' title='bbox 797 1997 873 2055; x_wconf 82' lang='lat' dir='ltr'><strong>aiibi</strong></span> <span class='ocrx_word' id='word_1_96' title='bbox 894 2015 955 2056; x_wconf 87' lang='lat' dir='ltr'><strong>nec</strong></span> <span class='ocrx_word' id='word_1_97' title='bbox 970 1997 1054 2072; x_wconf 82' lang='lat' dir='ltr'><strong>opud</strong></span> <span class='ocrx_word' id='word_1_98' title='bbox 1067 1997 1147 2056; x_wconf 79' lang='lat' dir='ltr'><strong>aiios</strong></span> <span class='ocrx_word' id='word_1_99' title='bbox 1168 1999 1324 2057; x_wconf 88' lang='lat' dir='ltr'><strong>vetustio-</strong></span> 
     </span>
     <span class='ocr_line' id='line_1_16' title="bbox 322 2099 1324 2183; baseline 0 -16"><span class='ocrx_word' id='word_1_100' title='bbox 322 2125 376 2168; x_wconf 85' lang='lat' dir='ltr'><strong>res</strong></span> <span class='ocrx_word' id='word_1_101' title='bbox 397 2106 524 2182; x_wconf 84' lang='lat' dir='ltr'><strong>quidem</strong></span> <span class='ocrx_word' id='word_1_102' title='bbox 551 2107 725 2180; x_wconf 82' lang='lat' dir='ltr'><strong>scriptores</strong></span> <span class='ocrx_word' id='word_1_103' title='bbox 745 2103 874 2167; x_wconf 87' lang='lat' dir='ltr'><strong>Atticos</strong></span> <span class='ocrx_word' id='word_1_104' title='bbox 900 2110 945 2167; x_wconf 80' lang='lat' dir='ltr'><strong>iio</strong></span> <span class='ocrx_word' id='word_1_105' title='bbox 974 2125 1044 2165; x_wconf 92' lang='lat' dir='ltr'><strong>cum</strong></span> <span class='ocrx_word' id='word_1_106' title='bbox 1066 2099 1138 2183; x_wconf 76' lang='grc' dir='ltr'><strong><em>πρίν</em></strong></span> <span class='ocrx_word' id='word_1_107' title='bbox 1167 2107 1324 2182; x_wconf 71' lang='lat' dir='ltr'><strong>{ranicula</strong></span> 
     </span>
    </p>
   </div>
   <div class='ocr_carea' id='block_1_5' title="bbox 196 2200 1323 2294">
    <p class='ocr_par' dir='ltr' id='par_1_6' title="bbox 196 2200 1323 2294">
     <span class='ocr_line' id='line_1_17' title="bbox 196 2200 1323 2294; baseline -0.002 -16"><span class='ocrx_word' id='word_1_108' title='bbox 196 2230 203 2238; x_wconf 87' lang='grc'><strong>“</strong></span> <span class='ocrx_word' id='word_1_109' title='bbox 324 2217 537 2294; x_wconf 82' lang='lat' dir='ltr'><strong>conjungitur.</strong></span> <span class='ocrx_word' id='word_1_110' title='bbox 580 2211 651 2274; x_wconf 88' lang='lat' dir='ltr'><strong>Nec</strong></span> <span class='ocrx_word' id='word_1_111' title='bbox 674 2225 777 2274; x_wconf 74' lang='lat' dir='ltr'><strong>tanuen</strong></span> <span class='ocrx_word' id='word_1_112' title='bbox 801 2200 822 2288; x_wconf 68' lang='grc' dir='ltr'><em>ἥ</em></span> <span class='ocrx_word' id='word_1_113' title='bbox 842 2215 945 2274; x_wconf 84' lang='lat' dir='ltr'><strong>deleri</strong></span> <span class='ocrx_word' id='word_1_114' title='bbox 967 2217 1080 2288; x_wconf 87' lang='lat' dir='ltr'><strong>veiim,</strong></span> <span class='ocrx_word' id='word_1_115' title='bbox 1101 2218 1159 2274; x_wconf 84' lang='lat' dir='ltr'><strong>sed</strong></span> <span class='ocrx_word' id='word_1_116' title='bbox 1181 2219 1323 2276; x_wconf 85' lang='lat' dir='ltr'><strong>scriben-</strong></span> 
     </span>
    </p>
   </div>
   <div class='ocr_carea' id='block_1_6' title="bbox 322 2310 1325 2514">
    <p class='ocr_par' dir='ltr' id='par_1_7' title="bbox 322 2310 1325 2514">
     <span class='ocr_line' id='line_1_18' title="bbox 323 2310 1325 2403; baseline -0.002 -15"><span class='ocrx_word' id='word_1_117' title='bbox 323 2330 397 2388; x_wconf 92' lang='lat' dir='ltr'><strong>dum</strong></span> <span class='ocrx_word' id='word_1_118' title='bbox 420 2327 549 2386; x_wconf 87' lang='lat' dir='ltr'><strong>videtur</strong></span> <span class='ocrx_word' id='word_1_119' title='bbox 572 2316 644 2403; x_wconf 75' lang='lat' dir='ltr'><strong>noio</strong></span> <span class='ocrx_word' id='word_1_120' title='bbox 671 2312 720 2400; x_wconf 78' lang='grc' dir='ltr'><strong>δή.</strong></span> <span class='ocrx_word' id='word_1_121' title='bbox 770 2323 853 2386; x_wconf 89' lang='lat' dir='ltr'><strong>Sunt</strong></span> <span class='ocrx_word' id='word_1_122' title='bbox 879 2327 961 2385; x_wconf 88' lang='lat' dir='ltr'><strong>enim</strong></span> <span class='ocrx_word' id='word_1_123' title='bbox 989 2327 1048 2385; x_wconf 89' lang='lat' dir='ltr'><strong>nisi</strong></span> <span class='ocrx_word' id='word_1_124' title='bbox 1077 2310 1325 2402; x_wconf 54' lang='lat' dir='ltr'><strong>failor&#39;praeter</strong></span> 
     </span>
     <span class='ocr_line' id='line_1_19' title="bbox 322 2427 1325 2514; baseline -0.002 -16"><span class='ocrx_word' id='word_1_125' title='bbox 322 2441 405 2498; x_wconf 88' lang='lat' dir='ltr'><strong>hunc</strong></span> <span class='ocrx_word' id='word_1_126' title='bbox 428 2453 540 2497; x_wconf 88' lang='lat' dir='ltr'><strong>novem</strong></span> <span class='ocrx_word' id='word_1_127' title='bbox 562 2436 698 2494; x_wconf 80' lang='lat' dir='ltr'><strong>maxime</strong></span> <span class='ocrx_word' id='word_1_128' title='bbox 720 2435 786 2494; x_wconf 90' lang='lat' dir='ltr'><strong>ioci</strong></span> <span class='ocrx_word' id='word_1_129' title='bbox 807 2436 892 2512; x_wconf 88' lang='lat' dir='ltr'><strong>opud</strong></span> <span class='ocrx_word' id='word_1_130' title='bbox 915 2433 1154 2514; x_wconf 79' lang='lat' dir='ltr'><strong>Thucydidem,</strong></span> <span class='ocrx_word' id='word_1_131' title='bbox 1177 2441 1231 2497; x_wconf 88' lang='lat' dir='ltr'><strong>ubi</strong></span> <span class='ocrx_word' id='word_1_132' title='bbox 1252 2427 1325 2513; x_wconf 81' lang='grc' dir='ltr'><strong><em>πρίν</em></strong></span> 
     </span>
    </p>
   </div>
   <div class='ocr_carea' id='block_1_7' title="bbox 322 2524 1324 3074">
    <p class='ocr_par' dir='ltr' id='par_1_8' title="bbox 322 2524 1324 3047">
     <span class='ocr_line' id='line_1_20' title="bbox 323 2524 1324 2626; baseline -0.001 -19"><span class='ocrx_word' id='word_1_133' title='bbox 323 2544 480 2626; x_wconf 75' lang='lat' dir='ltr'><strong>pamicula</strong></span> <span class='ocrx_word' id='word_1_134' title='bbox 506 2562 578 2602; x_wconf 88' lang='lat' dir='ltr'><strong>cum</strong></span> <span class='ocrx_word' id='word_1_135' title='bbox 608 2524 782 2606; x_wconf 81' lang='lat' dir='ltr'><strong>indicativo</strong></span> <span class='ocrx_word' id='word_1_136' title='bbox 813 2551 995 2606; x_wconf 83' lang='lat' dir='ltr'><strong>constructo</strong></span> <span class='ocrx_word' id='word_1_137' title='bbox 1021 2549 1085 2618; x_wconf 83' lang='lat' dir='ltr'><strong>est3</strong></span> <span class='ocrx_word' id='word_1_138' title='bbox 1118 2565 1161 2606; x_wconf 84' lang='lat' dir='ltr'><strong>ex</strong></span> <span class='ocrx_word' id='word_1_139' title='bbox 1187 2549 1237 2606; x_wconf 84' lang='lat' dir='ltr'><strong>iris</strong></span> <span class='ocrx_word' id='word_1_140' title='bbox 1257 2554 1324 2606; x_wconf 86' lang='lat' dir='ltr'><strong>tres</strong></span> 
     </span>
     <span class='ocr_line' id='line_1_21' title="bbox 323 2648 1323 2733; baseline -0.002 -17"><span class='ocrx_word' id='word_1_141' title='bbox 323 2660 443 2716; x_wconf 78' lang='lat' dir='ltr'><strong>tantum</strong></span> <span class='ocrx_word' id='word_1_142' title='bbox 465 2659 549 2724; x_wconf 88' lang='lat' dir='ltr'><strong>sunt,</strong></span> <span class='ocrx_word' id='word_1_143' title='bbox 573 2654 626 2712; x_wconf 83' lang='lat' dir='ltr'><strong>noi</strong></span> <span class='ocrx_word' id='word_1_144' title='bbox 649 2655 764 2713; x_wconf 88' lang='lat' dir='ltr'><strong>nudum</strong></span> <span class='ocrx_word' id='word_1_145' title='bbox 786 2648 857 2733; x_wconf 80' lang='grc' dir='ltr'><strong><em>πρίν</em></strong></span> <span class='ocrx_word' id='word_1_146' title='bbox 878 2654 1009 2730; x_wconf 77' lang='lat' dir='ltr'><strong>legitur,</strong></span> <span class='ocrx_word' id='word_1_147' title='bbox 1032 2655 1076 2714; x_wconf 82' lang='lat' dir='ltr'><strong>tio</strong></span> <span class='ocrx_word' id='word_1_148' title='bbox 1099 2655 1129 2728; x_wconf 89' lang='lat'><strong>1,</strong></span> <span class='ocrx_word' id='word_1_149' title='bbox 1152 2676 1179 2719; x_wconf 84' lang='lat' dir='ltr'><strong>c.</strong></span> <span class='ocrx_word' id='word_1_150' title='bbox 1195 2655 1244 2718; x_wconf 85' lang='lat'><strong>51.</strong></span> <span class='ocrx_word' id='word_1_151' title='bbox 1267 2657 1323 2716; x_wconf 82' lang='lat' dir='ltr'><strong>ito.</strong></span> 
     </span>
     <span class='ocr_line' id='line_1_22' title="bbox 322 2754 1323 2844; baseline -0.002 -18"><span class='ocrx_word' id='word_1_152' title='bbox 322 2765 369 2838; x_wconf 90' lang='lat' dir='ltr'><strong>li,</strong></span> <span class='ocrx_word' id='word_1_153' title='bbox 392 2783 421 2824; x_wconf 83' lang='lat' dir='ltr'><strong>c.</strong></span> <span class='ocrx_word' id='word_1_154' title='bbox 444 2761 495 2825; x_wconf 87' lang='grc'><strong>65.</strong></span> <span class='ocrx_word' id='word_1_155' title='bbox 519 2765 573 2824; x_wconf 87' lang='lat' dir='ltr'><strong>lib.</strong></span> <span class='ocrx_word' id='word_1_156' title='bbox 596 2760 692 2836; x_wconf 90' lang='lat' dir='ltr'><strong>Vlii,</strong></span> <span class='ocrx_word' id='word_1_157' title='bbox 714 2783 744 2824; x_wconf 91' lang='lat' dir='ltr'><strong>c.</strong></span> <span class='ocrx_word' id='word_1_158' title='bbox 761 2759 834 2826; x_wconf 86' lang='grc'><strong>195.</strong></span> <span class='ocrx_word' id='word_1_159' title='bbox 855 2765 987 2840; x_wconf 89' lang='lat' dir='ltr'><strong>reliquis</strong></span> <span class='ocrx_word' id='word_1_160' title='bbox 1008 2781 1067 2824; x_wconf 87' lang='lat' dir='ltr'><strong>sex</strong></span> <span class='ocrx_word' id='word_1_161' title='bbox 1088 2757 1158 2844; x_wconf 77' lang='grc' dir='ltr'><strong>πρὶν</strong></span> <span class='ocrx_word' id='word_1_162' title='bbox 1181 2754 1220 2840; x_wconf 73' lang='grc' dir='ltr'><strong>δή</strong></span> <span class='ocrx_word' id='word_1_163' title='bbox 1241 2766 1323 2841; x_wconf 80' lang='lat' dir='ltr'><strong>iegi-</strong></span> 
     </span>
     <span class='ocr_line' id='line_1_23' title="bbox 323 2869 1323 2953; baseline -0.001 -17"><span class='ocrx_word' id='word_1_164' title='bbox 323 2885 375 2937; x_wconf 85' lang='lat' dir='ltr'><strong>tur</strong></span> <span class='ocrx_word' id='word_1_165' title='bbox 396 2878 452 2936; x_wconf 74' lang='lat' dir='ltr'><strong>iiir.</strong></span> <span class='ocrx_word' id='word_1_166' title='bbox 475 2875 505 2953; x_wconf 90' lang='lat'><strong>1,</strong></span> <span class='ocrx_word' id='word_1_167' title='bbox 530 2895 557 2938; x_wconf 89' lang='lat' dir='ltr'><strong>c.</strong></span> <span class='ocrx_word' id='word_1_168' title='bbox 578 2869 648 2935; x_wconf 83' lang='lat'><strong>118.</strong></span> <span class='ocrx_word' id='word_1_169' title='bbox 673 2893 700 2934; x_wconf 90' lang='lat' dir='ltr'><strong>c.</strong></span> <span class='ocrx_word' id='word_1_170' title='bbox 725 2869 797 2936; x_wconf 75' lang='lat'><strong>132.</strong></span> <span class='ocrx_word' id='word_1_171' title='bbox 820 2874 878 2935; x_wconf 67' lang='lat' dir='ltr'><strong>iiim</strong></span> <span class='ocrx_word' id='word_1_172' title='bbox 895 2873 959 2948; x_wconf 85' lang='lat'>111,</span> <span class='ocrx_word' id='word_1_173' title='bbox 983 2893 1011 2934; x_wconf 87' lang='lat' dir='ltr'><strong>c.</strong></span> <span class='ocrx_word' id='word_1_174' title='bbox 1034 2873 1085 2934; x_wconf 71' lang='lat'><strong>29.</strong></span> <span class='ocrx_word' id='word_1_175' title='bbox 1109 2895 1136 2938; x_wconf 92' lang='lat' dir='ltr'><strong>c.</strong></span> <span class='ocrx_word' id='word_1_176' title='bbox 1156 2873 1214 2934; x_wconf 84' lang='lat' dir='ltr'><strong>tot</strong></span> <span class='ocrx_word' id='word_1_177' title='bbox 1239 2883 1323 2935; x_wconf 81' lang='lat' dir='ltr'><strong>extr.</strong></span> 
     </span>
     <span class='ocr_line' id='line_1_24' title="bbox 322 2980 727 3074; baseline -0.01 -28"><span class='ocrx_word' id='word_1_178' title='bbox 322 2989 379 3047; x_wconf 76' lang='lat' dir='ltr'><strong>iiii.</strong></span> <span class='ocrx_word' id='word_1_179' title='bbox 402 2983 481 3056; x_wconf 82' lang='lat' dir='ltr'><strong>vii,</strong></span> <span class='ocrx_word' id='word_1_180' title='bbox 505 3002 533 3074; x_wconf 79' lang='lat' dir='ltr'><strong>c.</strong></span> <span class='ocrx_word' id='word_1_181' title='bbox 558 2980 608 3047; x_wconf 86' lang='grc'><strong>39.</strong></span> <span class='ocrx_word' id='word_1_182' title='bbox 626 3004 654 3044; x_wconf 86' lang='lat' dir='ltr'><strong>c.</strong></span> <span class='ocrx_word' id='word_1_183' title='bbox 676 2983 727 3044; x_wconf 83' lang='lat'><strong>71.</strong></span> 
     </span>
    </p>
   </div>
   <div class='ocr_carea' id='block_1_8' title="bbox 406 3081 1325 3224">
    <p class='ocr_par' dir='ltr' id='par_1_9' title="bbox 406 3081 1325 3224">
     <span class='ocr_line' id='line_1_25' title="bbox 406 3081 1325 3224; baseline -0.007 -64"><span class='ocrx_word' id='word_1_184' title='bbox 406 3088 516 3160; x_wconf 73' lang='lat' dir='ltr'><strong>Idi»</strong></span> <span class='ocrx_word' id='word_1_185' title='bbox 504 3087 597 3224; x_wconf 38' lang='lat' dir='ltr'><strong>RV,</strong></span> <span class='ocrx_word' id='word_1_186' title='bbox 627 3105 735 3224; x_wconf 53' lang='lat' dir='ltr'><strong>cali:</strong></span> <span class='ocrx_word' id='word_1_187' title='bbox 756 3088 842 3176; x_wconf 73' lang='lat'><strong>88</strong></span> <span class='ocrx_word' id='word_1_188' title='bbox 880 3082 988 3175; x_wconf 78' lang='grc' dir='ltr'>Νόμου</span> <span class='ocrx_word' id='word_1_189' title='bbox 1015 3085 1090 3154; x_wconf 71' lang='grc' dir='ltr'><strong>δὲ</strong></span> <span class='ocrx_word' id='word_1_190' title='bbox 1079 3081 1192 3166; x_wconf 58' lang='lat' dir='ltr'><strong>eit-euro</strong></span> <span class='ocrx_word' id='word_1_191' title='bbox 1218 3090 1253 3156; x_wconf 81' lang='grc' dir='ltr'><strong>ἕν</strong></span> <span class='ocrx_word' id='word_1_192' title='bbox 1279 3091 1325 3173; x_wconf 76' lang='lat' dir='ltr'><strong>rq&#39;i</strong></span> 
     </span>
    </p>
   </div>
   <div class='ocr_carea' id='block_1_9' title="bbox 321 3191 1324 3286">
    <p class='ocr_par' dir='ltr' id='par_1_10' title="bbox 321 3191 1324 3286">
     <span class='ocr_line' id='line_1_26' title="bbox 321 3191 1324 3286; baseline -0.003 -19"><span class='ocrx_word' id='word_1_193' title='bbox 321 3194 468 3286; x_wconf 73' lang='lat' dir='ltr'><strong>nondum,</strong></span> <span class='ocrx_word' id='word_1_194' title='bbox 500 3227 535 3275; x_wconf 87' lang='grc' dir='ltr'><strong>ος</strong></span> <span class='ocrx_word' id='word_1_195' title='bbox 556 3191 642 3264; x_wconf 59' lang='grc' dir='ltr'>οὔπω</span> <span class='ocrx_word' id='word_1_196' title='bbox 670 3227 820 3285; x_wconf 73' lang='grc' dir='ltr'><strong>προτερον</strong></span> <span class='ocrx_word' id='word_1_197' title='bbox 849 3196 977 3286; x_wconf 73' lang='grc' dir='ltr'><em>ἐγένετο</em></span> <span class='ocrx_word' id='word_1_198' title='bbox 1002 3198 1120 3276; x_wconf 69' lang='grc' dir='ltr'><strong>αυτοῖς·</strong></span> <span class='ocrx_word' id='word_1_199' title='bbox 1153 3199 1236 3266; x_wconf 83' lang='grc' dir='ltr'><em>δεκα</em></span> <span class='ocrx_word' id='word_1_200' title='bbox 1255 3196 1324 3286; x_wconf 72' lang='grc' dir='ltr'><strong>γὰρ</strong></span> 
     </span>
    </p>
   </div>
   <div class='ocr_carea' id='block_1_10' title="bbox 321 3301 1324 3952">
    <p class='ocr_par' dir='ltr' id='par_1_11' title="bbox 321 3301 1324 3952">
     <span class='ocr_line' id='line_1_27' title="bbox 321 3301 1324 3396; baseline -0.002 -19"><span class='ocrx_word' id='word_1_201' title='bbox 321 3303 447 3396; x_wconf 68' lang='lat' dir='ltr'><strong>audoni,-</strong></span> <span class='ocrx_word' id='word_1_202' title='bbox 472 3307 673 3394; x_wconf 77' lang='grc' dir='ltr'><strong><em>Σπαρτιατων</em></strong></span> <span class='ocrx_word' id='word_1_203' title='bbox 692 3306 892 3392; x_wconf 68' lang='lat' dir='ltr'><strong>mundericum</strong></span> <span class='ocrx_word' id='word_1_204' title='bbox 907 3307 1050 3394; x_wconf 72' lang='grc' dir='ltr'><strong>αυτῳξυ</strong></span> <span class='ocrx_word' id='word_1_205' title='bbox 1051 3301 1268 3396; x_wconf 64' lang='lat' dir='ltr'><strong>prpooiovc,&#39;&#39;</strong></span> <span class='ocrx_word' id='word_1_206' title='bbox 1242 3337 1324 3375; x_wconf 77' lang='lat' dir='ltr'><strong>uoco</strong></span> 
     </span>
     <span class='ocr_line' id='line_1_28' title="bbox 322 3412 1323 3508; baseline -0.002 -20"><span class='ocrx_word' id='word_1_207' title='bbox 322 3414 367 3488; x_wconf 69' lang='grc' dir='ltr'><strong>ὧν</strong></span> <span class='ocrx_word' id='word_1_208' title='bbox 388 3417 431 3508; x_wconf 75' lang='grc' dir='ltr'><strong>μὴ</strong></span> <span class='ocrx_word' id='word_1_209' title='bbox 454 3415 567 3504; x_wconf 72' lang='grc' dir='ltr'><strong><em>κύριον</em></strong></span> <span class='ocrx_word' id='word_1_210' title='bbox 595 3412 678 3486; x_wconf 79' lang='grc' dir='ltr'><strong><em>εἶναι</em></strong></span> <span class='ocrx_word' id='word_1_211' title='bbox 706 3414 847 3505; x_wconf 74' lang='grc' dir='ltr'><em>ἀπάγειν</em></span> <span class='ocrx_word' id='word_1_212' title='bbox 877 3414 1032 3504; x_wconf 72' lang='grc' dir='ltr'><strong>στρατιὰν</strong></span> <span class='ocrx_word' id='word_1_213' title='bbox 1057 3419 1097 3485; x_wconf 74' lang='grc' dir='ltr'><strong>ἐκ</strong></span> <span class='ocrx_word' id='word_1_214' title='bbox 1117 3419 1171 3501; x_wconf 52' lang='grc' dir='ltr'><strong>γῆς</strong></span> <span class='ocrx_word' id='word_1_215' title='bbox 1196 3413 1323 3494; x_wconf 75' lang='grc' dir='ltr'><strong>πόλεως.</strong></span> 
     </span>
     <span class='ocr_line' id='line_1_29' title="bbox 322 3534 1323 3614; baseline -0.006 -13"><span class='ocrx_word' id='word_1_216' title='bbox 322 3539 445 3614; x_wconf 75' lang='lat' dir='ltr'><strong>Legem</strong></span> <span class='ocrx_word' id='word_1_217' title='bbox 467 3539 548 3596; x_wconf 81' lang='lat' dir='ltr'><strong>hono</strong></span> <span class='ocrx_word' id='word_1_218' title='bbox 569 3538 712 3597; x_wconf 79' lang='lat' dir='ltr'><strong>tulerunt</strong></span> <span class='ocrx_word' id='word_1_219' title='bbox 732 3534 982 3597; x_wconf 80' lang='lat' dir='ltr'><strong>Lacedaemonii</strong></span> <span class='ocrx_word' id='word_1_220' title='bbox 1005 3556 1099 3613; x_wconf 86' lang='lat' dir='ltr'><strong>quum</strong></span> <span class='ocrx_word' id='word_1_221' title='bbox 1121 3535 1194 3595; x_wconf 80' lang='lat' dir='ltr'><strong>irati</strong></span> <span class='ocrx_word' id='word_1_222' title='bbox 1216 3540 1323 3595; x_wconf 86' lang='lat' dir='ltr'><strong>essent</strong></span> 
     </span>
     <span class='ocr_line' id='line_1_30' title="bbox 322 3645 1322 3724; baseline -0.008 -12"><span class='ocrx_word' id='word_1_223' title='bbox 322 3649 423 3724; x_wconf 79' lang='lat' dir='ltr'><strong>Agidi</strong></span> <span class='ocrx_word' id='word_1_224' title='bbox 450 3648 520 3720; x_wconf 78' lang='lat' dir='ltr'><strong>regi</strong></span> <span class='ocrx_word' id='word_1_225' title='bbox 554 3653 724 3724; x_wconf 76' lang='lat' dir='ltr'><strong>propterea</strong></span> <span class='ocrx_word' id='word_1_226' title='bbox 752 3647 835 3722; x_wconf 90' lang='lat' dir='ltr'><strong>quod</strong></span> <span class='ocrx_word' id='word_1_227' title='bbox 866 3665 926 3706; x_wconf 92' lang='lat' dir='ltr'><strong>non</strong></span> <span class='ocrx_word' id='word_1_228' title='bbox 955 3663 1028 3708; x_wconf 86' lang='lat' dir='ltr'><strong>osus</strong></span> <span class='ocrx_word' id='word_1_229' title='bbox 1056 3651 1126 3705; x_wconf 77' lang='lat' dir='ltr'><strong>eret</strong></span> <span class='ocrx_word' id='word_1_230' title='bbox 1153 3645 1322 3705; x_wconf 76' lang='lat' dir='ltr'><strong>occasione</strong></span> 
     </span>
     <span class='ocr_line' id='line_1_31' title="bbox 323 3756 1323 3833; baseline -0.005 -14"><span class='ocrx_word' id='word_1_231' title='bbox 323 3760 428 3819; x_wconf 81' lang='lat' dir='ltr'><strong>oblato</strong></span> <span class='ocrx_word' id='word_1_232' title='bbox 455 3758 647 3833; x_wconf 64' lang='lat' dir='ltr'><strong>snipieiendi</strong></span> <span class='ocrx_word' id='word_1_233' title='bbox 670 3756 828 3832; x_wconf 83' lang='lat' dir='ltr'><strong>Argivos,</strong></span> <span class='ocrx_word' id='word_1_234' title='bbox 863 3756 921 3814; x_wconf 90' lang='lat' dir='ltr'><strong>sed</strong></span> <span class='ocrx_word' id='word_1_235' title='bbox 947 3757 1087 3816; x_wconf 85' lang='lat' dir='ltr'><strong>induciis</strong></span> <span class='ocrx_word' id='word_1_236' title='bbox 1115 3757 1147 3814; x_wconf 93' lang='lat' dir='ltr'><strong>in</strong></span> <span class='ocrx_word' id='word_1_237' title='bbox 1175 3759 1323 3830; x_wconf 76' lang='lat' dir='ltr'><strong>quattuor</strong></span> 
     </span>
     <span class='ocr_line' id='line_1_32' title="bbox 322 3864 1320 3952; baseline -0.005 -23"><span class='ocrx_word' id='word_1_238' title='bbox 322 3884 445 3930; x_wconf 89' lang='lat' dir='ltr'><strong>menses</strong></span> <span class='ocrx_word' id='word_1_239' title='bbox 468 3869 562 3926; x_wconf 71' lang='lat' dir='ltr'><strong>tectis</strong></span> <span class='ocrx_word' id='word_1_240' title='bbox 584 3867 782 3930; x_wconf 77' lang='lat' dir='ltr'><strong>discesserat.</strong></span> <span class='ocrx_word' id='word_1_241' title='bbox 827 3868 929 3952; x_wconf 80' lang='lat' dir='ltr'><strong>Quam</strong></span> <span class='ocrx_word' id='word_1_242' title='bbox 953 3867 1079 3942; x_wconf 89' lang='lat' dir='ltr'><strong>quidem</strong></span> <span class='ocrx_word' id='word_1_243' title='bbox 1100 3864 1206 3939; x_wconf 80' lang='lat' dir='ltr'><strong>legem</strong></span> <span class='ocrx_word' id='word_1_244' title='bbox 1228 3871 1262 3926; x_wconf 90' lang='lat' dir='ltr'><strong>et</strong></span> <span class='ocrx_word' id='word_1_245' title='bbox 1280 3865 1320 3925; x_wconf 92' lang='grc' dir='ltr'><strong>Ο.</strong></span> 
     </span>
    </p>
   </div>
   <div class='ocr_carea' id='block_1_11' title="bbox 218 3975 1321 4064">
    <p class='ocr_par' dir='ltr' id='par_1_12' title="bbox 218 3975 1321 4064">
     <span class='ocr_line' id='line_1_33' title="bbox 218 3975 1321 4064; baseline -0.007 -22"><span class='ocrx_word' id='word_1_246' title='bbox 218 4053 223 4064; x_wconf 89' lang='lat'><em>.</em></span> <span class='ocrx_word' id='word_1_247' title='bbox 322 3979 464 4041; x_wconf 82' lang='lat' dir='ltr'><strong>Mueller</strong></span> <span class='ocrx_word' id='word_1_248' title='bbox 489 3977 559 4040; x_wconf 85' lang='lat' dir='ltr'><strong>hist.</strong></span> <span class='ocrx_word' id='word_1_249' title='bbox 584 3977 660 4039; x_wconf 86' lang='lat' dir='ltr'><strong>Dor.</strong></span> <span class='ocrx_word' id='word_1_250' title='bbox 682 3978 746 4041; x_wconf 85' lang='lat' dir='ltr'><strong>voi.</strong></span> <span class='ocrx_word' id='word_1_251' title='bbox 768 3976 811 4041; x_wconf 83' lang='grc' dir='ltr'><strong>ΙΙ.</strong></span> <span class='ocrx_word' id='word_1_252' title='bbox 838 3996 870 4053; x_wconf 86' lang='lat' dir='ltr'><strong>p.</strong></span> <span class='ocrx_word' id='word_1_253' title='bbox 896 3975 965 4040; x_wconf 88' lang='grc'><strong>105.</strong></span> <span class='ocrx_word' id='word_1_254' title='bbox 992 3983 1027 4036; x_wconf 84' lang='lat' dir='ltr'><strong>et</strong></span> <span class='ocrx_word' id='word_1_255' title='bbox 1048 3975 1161 4052; x_wconf 88' lang='lat' dir='ltr'><strong>Poppo</strong></span> <span class='ocrx_word' id='word_1_256' title='bbox 1183 3975 1224 4034; x_wconf 76' lang='lat' dir='ltr'><strong>ad</strong></span> <span class='ocrx_word' id='word_1_257' title='bbox 1244 3977 1276 4035; x_wconf 85' lang='lat' dir='ltr'><strong>h.</strong></span> <span class='ocrx_word' id='word_1_258' title='bbox 1298 3975 1321 4034; x_wconf 91' lang='grc' dir='ltr'><strong>Ι.</strong></span> 
     </span>
    </p>
   </div>
   <div class='ocr_carea' id='block_1_12' title="bbox 322 4086 1322 4281">
    <p class='ocr_par' dir='ltr' id='par_1_13' title="bbox 322 4086 1322 4281">
     <span class='ocr_line' id='line_1_34' title="bbox 323 4086 1321 4164; baseline -0.006 -15"><span class='ocrx_word' id='word_1_259' title='bbox 323 4093 442 4164; x_wconf 79' lang='lat' dir='ltr'><strong>negent</strong></span> <span class='ocrx_word' id='word_1_260' title='bbox 469 4089 500 4148; x_wconf 91' lang='lat' dir='ltr'><strong>in</strong></span> <span class='ocrx_word' id='word_1_261' title='bbox 522 4106 589 4147; x_wconf 86' lang='lat' dir='ltr'><strong>rem</strong></span> <span class='ocrx_word' id='word_1_262' title='bbox 616 4094 812 4164; x_wconf 76' lang='lat' dir='ltr'><strong>praesentem</strong></span> <span class='ocrx_word' id='word_1_263' title='bbox 840 4094 960 4149; x_wconf 79' lang='lat' dir='ltr'><strong>tontum</strong></span> <span class='ocrx_word' id='word_1_264' title='bbox 983 4086 1077 4146; x_wconf 77' lang='lat' dir='ltr'><strong>latam</strong></span> <span class='ocrx_word' id='word_1_265' title='bbox 1100 4101 1189 4158; x_wconf 86' lang='lat' dir='ltr'><strong>esse,</strong></span> <span class='ocrx_word' id='word_1_266' title='bbox 1217 4103 1321 4159; x_wconf 83' lang='lat' dir='ltr'><strong>neque</strong></span> 
     </span>
     <span class='ocr_line' id='line_1_35' title="bbox 322 4183 1322 4281; baseline -0.006 -22"><span class='ocrx_word' id='word_1_267' title='bbox 322 4202 404 4259; x_wconf 81' lang='lat' dir='ltr'><strong>hanc</strong></span> <span class='ocrx_word' id='word_1_268' title='bbox 425 4200 488 4260; x_wconf 88' lang='lat' dir='ltr'><strong>vim</strong></span> <span class='ocrx_word' id='word_1_269' title='bbox 516 4213 586 4258; x_wconf 90' lang='lat' dir='ltr'><strong>esse</strong></span> <span class='ocrx_word' id='word_1_270' title='bbox 614 4203 781 4260; x_wconf 81' lang='lat' dir='ltr'><strong>verborum</strong></span> <span class='ocrx_word' id='word_1_271' title='bbox 807 4191 843 4258; x_wconf 80' lang='grc' dir='ltr'><strong>ἓν</strong></span> <span class='ocrx_word' id='word_1_272' title='bbox 864 4190 910 4274; x_wconf 66' lang='grc' dir='ltr'><strong>τῷ</strong></span> <span class='ocrx_word' id='word_1_273' title='bbox 934 4183 1081 4281; x_wconf 59' lang='lat' dir='ltr'><strong>nandum</strong></span> <span class='ocrx_word' id='word_1_274' title='bbox 1110 4195 1192 4258; x_wconf 91' lang='lat' dir='ltr'><strong>iliud</strong></span> <span class='ocrx_word' id='word_1_275' title='bbox 1219 4203 1322 4255; x_wconf 83' lang='lat' dir='ltr'><strong>tomen</strong></span> 
     </span>
    </p>
   </div>
   <div class='ocr_carea' id='block_1_13' title="bbox 0 0 1517 4796">
    <p class='ocr_par' dir='ltr' id='par_1_14' title="bbox 0 0 1517 4796">
     <span class='ocr_line' id='line_1_36' title="bbox 0 0 1517 4796; baseline 0 0"><span class='ocrx_word' id='word_1_276' title='bbox 0 0 1517 4796; x_wconf 95' lang='lat' dir='ltr'><strong> </strong></span> 
     </span>
    </p>
   </div>
  </div>
 </body>
</html>
